1877 3021
461 156 641 193 FIFTY
689 157 960 194 LETTERs
1004 158 1082 193 oF
1123 158 1353 195 CICERO
1643 160 1692 199 27

117 298 361 344 decursus
412 294 509 342 mei
550 295 808 356 temporis.
885 295 1023 355 Quid
1070 296 1120 342 in
1162 313 1222 344 eo
1263 313 1449 359 genere
1493 299 1693 347 efficere

115 379 295 442 possis,
325 378 397 425 tui
425 378 604 425 consili
633 386 738 435 est3
780 395 875 440 ego
903 387 965 437 te,
995 380 1132 440 quod
1161 379 1251 426 tibi
1279 380 1447 428 veniet
1476 381 1526 427 in
1555 398 1690 430 men-

115 470 216 510 tem
244 477 357 508 mea
384 462 646 520 interesse,
674 463 822 509 valde
850 478 986 525 rogo.
1064 463 1300 510 Pluribus
1334 465 1503 512 verbis
1545 466 1609 512 ad
1644 474 1693 513 te

115 545 403 603 scriberem,
443 545 485 592 si
520 553 605 592 aut
640 554 727 592 tua
765 546 1055 593 humanitas
1092 546 1371 608 longiorem
1407 549 1689 596 orationem

114 636 447 690 exspectaret,
478 636 563 675 aut
605 628 655 675 id
690 628 797 675 fieri
830 637 1006 676 nostra
1042 630 1268 677 amicitia
1303 640 1574 692 pateretur,
1605 641 1691 680 aut

114 728 194 759 res
229 712 382 759 verba
420 711 737 759 desideraret
776 728 835 759 ac
875 729 975 759 non
1018 729 1109 774 pro
1146 729 1199 760 se
1236 713 1347 775 ipsa
1383 714 1687 775 loqueretur.

118 797 235 842 Hoc
257 796 405 842 velim
435 795 526 842 tibi
554 796 881 856 persuadeas,
904 796 947 842 si
968 796 1253 844 rationibus
1277 798 1401 844 meis
1428 798 1689 858 provisum

113 895 141 925 a
174 887 224 926 te
260 895 374 925 esse
410 879 719 937 intellexero,
751 895 988 941 magnam
1024 888 1074 927 te
1110 896 1172 927 ex
1209 896 1270 927 eo
1306 888 1356 927 et
1393 889 1689 942 perpetuam

113 962 426 1024 voluptatem
468 978 580 1010 esse
622 971 900 1024 capturum.

608 1134 708 1177 45.
772 1136 914 1188 (Fam.
939 1137 1058 1177 XVI.
1089 1137 1173 1187 11.)

224 1260 313 1312 (Ad
335 1261 496 1307 urbem,
521 1260 654 1311 pridie
680 1261 785 1299 Idus
810 1262 1047 1307 Ianuarias,
1072 1272 1207 1300 A.U.C.
1232 1273 1323 1315 705.
1386 1274 1467 1301 13.C.
1491 1264 1574 1315 49.)

163 1387 455 1428 TULLIUS
506 1387 592 1427 ET
637 1387 903 1438 CICERO,
954 1387 1325 1438 TERENTIA,
1378 1389 1643 1440 TULLIA,

281 1470 336 1523 Q.
375 1471 429 1523 Q.
479 1470 722 1512 TIRONI
776 1471 913 1513 SAL.
965 1472 1333 1513 PLURIMAM
1385 1473 1516 1515 DIC.

181 1591 288 1639 Etsi
350 1592 783 1653 opportunitatem
846 1609 1032 1654 operae
1095 1601 1211 1641 tuae
1263 1594 1501 1641 omnibus
1558 1595 1684 1643 locis

109 1675 358 1733 desidero,
390 1682 560 1722 tamen
597 1692 697 1722 non
735 1685 836 1723 tam
877 1693 989 1724 mea
1029 1693 1179 1738 quam
1216 1684 1303 1724 tua
1340 1693 1496 1725 causa
1534 1679 1683 1726 doleo

106 1766 156 1806 te
190 1775 292 1806 non
327 1759 508 1806 valere.
589 1760 703 1818 Sed,
735 1760 973 1821 quoniam
1017 1761 1067 1806 in
1103 1769 1405 1822 quartanam
1437 1778 1684 1809 conversa

106 1841 182 1889 vis
209 1850 286 1889 est
314 1843 474 1890 morbi
494 1843 654 1890 —sic
681 1843 814 1890 enim
843 1843 1019 1891 scribit
1048 1844 1481 1907 Curius—spero
1504 1853 1552 1893 te
1580 1845 1686 1892 dili-

105 1926 276 1988 gentia
318 1925 546 1973 adhibita
597 1926 696 1973 iam
746 1927 1017 1974 firmiorem
1070 1928 1191 1976 fore.
1272 1930 1433 1976 Modo
1483 1930 1578 1988 fac,
1635 1929 1683 1976 id

107 2010 244 2070 quod
287 2018 364 2057 est
407 2010 739 2057 humanitatis
784 2019 916 2070 tuae,
948 2027 1010 2058 ne
1057 2011 1180 2072 quid
1221 2011 1358 2059 aliud
1398 2029 1546 2060 cures
1586 2013 1683 2060 hoc

105 2101 330 2155 tempore
392 2093 491 2140 nisi
542 2102 596 2141 ut
658 2110 808 2155 quam
861 2095 1273 2143 commodissime
1334 2097 1680 2144 convalescas.

108 2178 223 2223 Non
254 2176 430 2238 ignoro
466 2185 712 2238 quantum
748 2193 809 2224 ex
844 2178 1098 2226 desiderio
1131 2180 1369 2237 labores3
1412 2181 1502 2227 sed
1538 2188 1684 2228 erunt

106 2259 275 2306 omnia
301 2260 487 2319 facilia,
517 2260 560 2307 si
587 2261 795 2309 valebis.
863 2262 1124 2310 Festinare
1145 2270 1194 2310 te
1217 2263 1350 2322 nolo,
1375 2279 1438 2310 ne
1460 2255 1683 2312 nauseae

106 2343 389 2391 molestiam
418 2344 669 2406 suscipias
698 2361 847 2407 aeger
873 2353 922 2393 et
949 2346 1236 2407 periculose
1264 2346 1429 2394 hieme
1457 2348 1682 2409 naviges.

178 2429 283 2489 Ego
311 2427 375 2474 ad
402 2428 577 2474 urbem
611 2428 805 2475 accessi
841 2445 912 2491 pr.
943 2431 1075 2477 Non.
1108 2432 1216 2477 Ian.
1293 2431 1374 2478 Ob
1401 2430 1534 2477 viam
1562 2431 1683 2477 mihi

106 2509 180 2556 sic
226 2518 303 2557 est
342 2510 595 2572 proditum
636 2519 690 2558 ut
736 2512 859 2558 nihil
899 2521 1075 2574 posset
1112 2513 1220 2560 fieri
1259 2514 1502 2561 ornatius.
1583 2515 1683 2562 Sed

106 2593 263 2640 incidi
301 2593 352 2639 in
391 2593 555 2655 ipsam
589 2595 845 2642 flammam
881 2597 1043 2644 civilis
1080 2597 1366 2651 discordiae
1399 2598 1478 2644 vel
1516 2598 1683 2659 potius

106 2676 240 2735 belli,
272 2678 353 2724 cui
381 2693 495 2724 cum
523 2694 760 2740 cuperem
797 2680 990 2726 mederi
1018 2689 1080 2738 et,
1113 2689 1166 2727 ut
1202 2681 1433 2740 arbitror,
1462 2698 1680 2743 possem,

1721 1616 1768 1642 10

1719 2031 1766 2073 15

1718 2450 1767 2476 20
