1877 3021
471 192 652 229 FIFTY
698 193 969 231 LETTERS
1013 194 1090 231 OF
1132 195 1361 233 CICERO
1577 230 1580 232 .
1681 197 1701 235 5

131 331 255 378 citra
294 332 584 378 Leucadem
624 332 792 379 stadia
830 346 952 380 cxx.
1030 335 1270 382 Leucade
1322 344 1408 383 aut
1447 344 1495 383 te
1536 338 1702 398 ipsum

130 422 216 462 aut
250 422 364 461 tuas
402 415 595 462 litteras
629 432 657 461 a
698 416 932 463 Marione
960 418 1203 478 putabam
1243 434 1320 466 me
1357 428 1698 481 accepturum.

130 500 390 559 Quantum
428 515 507 546 me
544 499 728 562 diligis,
772 508 966 547 tantum
1003 502 1084 548 fac
1121 509 1175 548 ut
1210 503 1395 561 valeas,
1434 503 1512 550 vel
1548 519 1703 564 quan-

129 590 236 631 tum
273 591 322 631 te
363 599 392 630 a
428 599 507 629 me
547 582 647 630 scis
687 583 843 646 diligi.
920 586 1053 632 Non.
1096 587 1226 634 Nov.
1267 585 1460 650 Alyzia.

655 762 749 805 12.
812 764 954 815 (Fam.
978 766 1097 806 XVI.
1121 766 1182 816 3.)

128 889 420 931 TULLIUS
470 888 555 930 ET
604 889 851 931 CICERO
910 890 1151 931 TIRONI
1204 890 1332 933 SUO
1383 891 1517 933 SAL.
1570 892 1698 933 DIC.

471 974 557 1014 ET
606 974 659 1027 Q.
711 974 931 1014 PATER
982 975 1066 1015 ET
1117 975 1356 1018 FILIUS.

197 1097 307 1142 Nos
349 1096 485 1157 apud
527 1095 772 1158 Alyziam,
818 1112 878 1142 ex
919 1112 1019 1157 quo
1061 1097 1172 1143 loco
1214 1097 1305 1144 tibi
1350 1097 1543 1144 litteras
1585 1106 1702 1145 ante

129 1179 449 1237 dederamus,
516 1195 671 1224 unum
738 1178 871 1226 diem
938 1180 1236 1226 commorati
1307 1196 1494 1239 sumus,
1565 1182 1701 1242 quod

128 1263 353 1321 Quintus
381 1279 476 1309 nos
505 1271 810 1309 consecutus
840 1279 941 1309 non
964 1271 1085 1310 erat.
1164 1266 1216 1310 Is
1246 1264 1356 1311 dies
1394 1264 1491 1311 fuit
1519 1266 1701 1312 Nonae

128 1346 460 1393 Novembres.
554 1346 683 1393 Inde
737 1354 854 1393 ante
906 1347 1070 1394 lucem
1130 1347 1530 1409 proficiscentes,
1585 1356 1701 1395 ante

126 1429 260 1477 diem
287 1445 397 1475 vin.
432 1429 554 1476 Idus
585 1432 715 1477 Nov.
746 1430 839 1477 has
866 1430 1060 1477 litteras
1088 1431 1336 1479 dedimus.
1414 1433 1507 1490 Tu,
1537 1431 1580 1479 si
1608 1448 1701 1478 nos

125 1513 291 1560 omnis
331 1529 471 1559 amas
512 1520 561 1559 et
603 1513 877 1574 praecipue
920 1530 1013 1572 me,
1058 1515 1356 1576 magistrum
1393 1523 1549 1574 tuum,
1587 1531 1701 1562 con-

126 1597 268 1642 firma
294 1604 358 1643 te.
438 1598 543 1658 Ego
571 1596 718 1643 valde
747 1613 1000 1658 suspenso
1030 1598 1200 1645 animo
1222 1606 1464 1660 exspecto
1485 1598 1700 1660 primum

125 1687 175 1727 te
203 1679 397 1727 scilicet
433 1680 620 1726 deinde
652 1680 937 1727 Marionem
968 1697 1081 1728 cum
1109 1681 1208 1728 tuis
1237 1681 1431 1729 litteris.
1508 1683 1701 1729 Omnes

125 1763 372 1825 cupimus,
407 1779 502 1825 ego
539 1763 590 1809 in
626 1763 816 1824 primis,
848 1780 1000 1825 quam
1037 1764 1254 1826 primum
1290 1774 1339 1813 te
1375 1766 1562 1824 videre,
1593 1766 1699 1824 sed,

126 1846 193 1893 mi
234 1846 370 1906 Tiro,
414 1847 684 1894 valentem.
777 1848 892 1907 Qua
938 1865 990 1895 re
1032 1849 1158 1894 nihil
1196 1849 1519 1911 properaris;
1576 1850 1701 1896 satis

125 1930 224 1977 cito
265 1938 313 1977 te
358 1931 547 1990 videro,
596 1930 638 1978 si
689 1931 897 1979 valebis.
975 1932 1296 1979 Utilitatibus
1341 1933 1441 1980 tuis
1492 1950 1699 1995 possum

126 2030 324 2071 carere3
366 2022 414 2061 te
442 2014 610 2062 valere
638 2022 725 2062 tua
753 2031 910 2062 causa
936 2015 1152 2077 primum
1181 2017 1312 2075 volo,
1343 2024 1449 2063 tum
1477 2017 1604 2075 mea,
1636 2018 1701 2063 mi

127 2097 262 2145 Tiro.
337 2099 480 2146 Vale.

646 2215 740 2259 13.
806 2218 949 2269 (Fam.
974 2220 1094 2259 XVI.
1119 2219 1179 2269 6.)

126 2342 419 2385 TULLIUS
473 2342 557 2384 ET
617 2343 866 2385 CICERO
917 2343 1002 2385 ET
1052 2345 1105 2397 Q.
1154 2345 1208 2398 Q.
1256 2345 1498 2387 TIRONI
1564 2345 1699 2387 SAL.

658 2429 848 2471 PLUR.
900 2429 1180 2472 DICUNT.

195 2549 421 2596 Tertiam
464 2550 528 2596 ad
568 2557 618 2597 te
659 2550 793 2597 hanc
833 2551 1103 2612 epistulam
1145 2551 1326 2614 scripsi
1377 2551 1556 2599 eodem
1602 2551 1698 2610 die,

126 2632 287 2694 magis
327 2632 545 2680 instituti
586 2633 683 2680 mei
723 2634 935 2681 tenendi
974 2651 1142 2693 causa,
1184 2634 1302 2696 quia
1341 2642 1522 2682 nactus
1562 2650 1699 2681 eram

127 2715 207 2762 cui
235 2716 422 2775 darem,
448 2732 600 2778 quam
623 2733 724 2778 quo
748 2717 988 2764 haberem
1012 2719 1150 2779 quod
1173 2718 1461 2766 scriberem.
1540 2718 1698 2780 Igitur

1764 1118 1783 1157 5

1739 1535 1785 1561 10

1738 1951 1782 1992 Ι5

1731 2735 1782 2762 20
