1877 3021
144 174 169 212 S
484 173 665 210 FIFTY
711 173 984 210 LETTERS
1028 172 1106 209 OF
1147 172 1376 209 CICERO

145 312 428 374 litterisque
468 311 706 359 omnibus
743 328 907 370 careo,
949 327 1077 373 quas
1113 318 1232 358 ante
1269 327 1420 372 quam
1455 319 1505 359 te
1542 311 1716 358 videro

145 396 395 457 attingere
446 411 548 441 non
600 411 825 456 possum.
905 394 1114 441 Medico
1166 394 1415 441 mercedis
1472 401 1716 456 quantum

145 487 323 541 poscet
349 478 574 540 promitti
603 477 805 536 iubeto;
834 478 886 525 id
914 477 1093 539 scripsi
1123 478 1187 524 ad
1215 477 1488 524 Ummium.
1548 477 1718 524 Audio

144 570 193 609 te
244 562 414 609 animo
465 561 582 624 angi
632 569 684 609 et
731 561 985 609 medicum
1036 561 1205 608 dicere
1262 578 1324 608 ex
1374 577 1433 608 eo
1484 569 1533 608 te
1583 561 1719 607 labo-

92 660 268 702 5rare.
347 644 399 692 Si
450 661 528 692 me
579 644 763 707 diligis,
813 644 979 692 excita
1023 661 1084 692 ex
1134 661 1314 692 somno
1364 653 1478 692 tuas
1527 644 1720 691 litteras

145 729 630 790 humanitatemque,
673 736 882 790 propter
931 744 1082 789 quam
1133 728 1255 774 mihi
1305 744 1359 775 es
1411 727 1717 774 carissimus.

146 814 298 859 Nunc
342 828 472 873 opus
523 819 601 858 est
651 819 699 858 te
750 812 918 859 animo
956 811 1138 869 valere,
1183 819 1236 858 ut
1286 827 1498 872 corpore
1537 810 1719 872 possis.

146 895 207 942 Id
251 911 366 942 cum
402 903 489 942 tua
527 903 633 942 tum
669 911 783 941 mea
827 911 982 942 causa
1020 894 1198 953 facias,
1236 911 1265 940 a
1302 902 1350 942 te
1386 902 1518 956 peto.
1597 896 1722 940 Aca-

144 986 280 1026 stum
317 978 495 1037 retine,
537 995 638 1039 quo
678 978 997 1025 commodius
1048 978 1141 1026 tibi
1183 977 1510 1025 ministretur.
1590 979 1720 1025 Con-

67 1078 114 1104 10
145 1079 293 1110 serva
320 1070 368 1111 te
407 1062 545 1109 mihi.
624 1062 749 1110 Dies
778 1062 1145 1124 promissorum
1173 1062 1348 1120 adest3
1390 1077 1540 1122 quern
1569 1060 1718 1107 etiarn

144 1146 556 1207 repraesentabo,
588 1145 630 1192 si
666 1146 948 1193 adveneris.
1028 1145 1192 1192 Etiam
1226 1153 1379 1207 atque
1412 1144 1564 1192 etiam
1591 1144 1718 1191 vale.

147 1244 222 1276 111.
255 1230 394 1287 Idus,
426 1229 472 1276 h.
503 1244 569 1276 vr.

649 1352 743 1395 18.
808 1354 951 1405 (Fam.
982 1355 1106 1393 XIII.
1133 1354 1220 1404 20.)

566 1479 814 1520 CICERO
865 1478 1113 1520 SERVIO
1165 1478 1299 1520 SAL.

216 1600 508 1662 Asclapone
548 1600 795 1659 Patrensi,
835 1600 1050 1659 medico,
1079 1607 1194 1647 utor
1228 1600 1557 1659 familiariter,
1597 1600 1722 1648 eius-

146 1700 244 1746 que
272 1700 384 1731 cum
414 1685 733 1731 consuetudo
768 1683 891 1730 mihi
919 1683 1145 1731 iucunda
1170 1683 1266 1730 fuit
1303 1691 1407 1731 tum
1437 1700 1518 1730 ars
1553 1683 1720 1742 etiam,

67 1783 115 1826 15
148 1784 298 1829 quam
344 1784 457 1814 sum
496 1776 735 1829 expertus
785 1767 836 1814 in
875 1767 1168 1815 valetudine
1208 1783 1469 1825 meorum;
1522 1767 1571 1813 in
1624 1783 1724 1829 qua

147 1851 269 1897 mihi
308 1867 423 1898 cum
461 1851 573 1913 ipsa
618 1851 830 1899 scientia
873 1859 977 1899 tum
1021 1851 1175 1898 etiam
1218 1851 1463 1898 fidelitate
1506 1851 1725 1898 benevo-

147 1934 405 1996 lentiaque
448 1935 712 1983 satisfecit.
791 1936 947 1982 Hunc
988 1934 1146 1997 igitur.
1180 1934 1272 1982 tibi
1313 1935 1632 1993 commendo,
1673 1942 1724 1981 et

148 2034 176 2065 a
213 2025 263 2066 te
307 2026 425 2080 peto
464 2026 518 2065 ut
554 2018 645 2065 des
683 2034 891 2080 operam
931 2026 986 2065 ut
1030 2018 1292 2080 intellegat
1331 2018 1603 2080 diligenter
1642 2034 1723 2064 me

148 2101 413 2163 scripsisse
465 2103 528 2149 de
579 2118 707 2161 sese,
756 2118 1023 2163 meamque
1067 2102 1564 2149 commendationem
1609 2101 1723 2148 usui

67 2199 117 2226 20
148 2201 332 2247 magno
360 2185 457 2232 sibi
484 2185 656 2233 fuisse.
734 2185 840 2233 Erit
866 2186 917 2232 id
945 2185 1067 2231 mihi
1095 2186 1423 2233 vehementer
1448 2192 1661 2248 gratum.

648 2363 740 2408 19.
804 2365 946 2417 (Fam.
971 2367 1096 2406 XIII.
1121 2365 1210 2417 25.)

564 2490 813 2532 CICERO
865 2491 1112 2532 SERVIO
1164 2490 1304 2533 SAL.

220 2613 568 2674 Hegesaretus
632 2611 945 2670 Larissaeus,
1006 2612 1204 2674 magnis
1267 2612 1394 2659 meis
1456 2611 1721 2659 beneficiis

148 2703 357 2742 ornatus
385 2695 435 2741 in
463 2695 730 2745 consulatu
758 2712 886 2754 meo,
910 2711 1102 2742 memor
1129 2704 1178 2742 et
1203 2703 1377 2758 gratus
1404 2695 1513 2754 fuit,
1539 2710 1720 2756 meque
