1877 3021
430 206 611 244 FIFTY
657 206 929 243 LETTERS
973 206 1050 243 01⁴*
1092 207 1320 244 CICERO
1614 205 1659 243 ll

588 385 686 428 24.
750 387 893 437 (Fam.
924 388 1049 426 xm.
1075 388 1161 437 70.)

264 513 329 554 M.
375 512 621 553 CICERO
673 512 722 552 P.
768 511 1086 553 SERVILIO
1137 512 1491 553 COLLEGAE

693 587 828 629 SAL.
871 588 1060 630 PLUR.

160 710 294 770 Quia
321 726 421 756 non
458 717 534 756 est
561 710 780 756 obscura
816 717 903 756 tua
930 710 978 755 in
1010 726 1088 757 me
1122 711 1498 769 benevolentia,
1528 712 1582 757 fit
1611 720 1663 758 ut

90 793 231 840 multi
276 809 364 855 per
416 809 494 839 me
545 792 636 839 tibi
688 793 844 840 velint
895 794 1257 840 commendari.
1338 796 1444 855 Ego
1497 803 1662 841 autem

32 922 39 929 ,
90 877 257 924 tribuo
287 893 389 923 non
425 892 698 937 numquam
738 876 789 922 in
816 877 1010 938 volgus,
1040 877 1131 923 sed
1167 877 1465 938 plerumque
1493 894 1664 925 neces-
1699 878 1707 885 ’

89 959 249 1018 sariis,
292 968 345 1005 ut
385 960 481 1006 hoc
520 968 763 1021 tempore.
842 962 974 1006 Nam
1015 976 1127 1006 cum
1170 961 1228 1006 T.
1278 961 1464 1021 Ampio
1507 962 1664 1007 Balbo

90 1043 212 1089 mihi
264 1058 460 1089 summa
511 1043 828 1090 familiaritas
894 1044 1323 1104 necessitudoque
1375 1052 1466 1091 est.
1545 1046 1665 1091 Eius
1727 1060 1746 1101 5

90 1127 339 1184 libertum,
378 1127 435 1173 T.
473 1127 712 1187 Ampium
752 1127 1111 1184 Menandrum,
1156 1127 1411 1174 hominem
1451 1127 1578 1189 frugi
1616 1136 1665 1173 et

90 1210 391 1268 modestum,
421 1218 470 1257 et
504 1218 720 1271 patrono
748 1218 797 1257 et
832 1209 981 1257 nobis
1016 1211 1345 1258 vehementer
1379 1212 1663 1272 probatum,

89 1293 181 1341 tibi
204 1293 506 1340 commendo
529 1293 769 1340 maiorem
799 1293 847 1338 in
878 1294 1097 1341 modum.
1173 1294 1517 1341 Vehementer
1546 1295 1666 1340 mihi

89 1384 288 1439 gratum
326 1376 522 1435 feceris,
553 1376 609 1434 si,
639 1377 1046 1438 quibuscumque
1087 1378 1239 1424 rebus
1268 1378 1376 1424 sine
1405 1386 1490 1424 tua
1519 1379 1666 1425 mole-

92 1460 189 1508 stia
224 1460 428 1522 poteris,
460 1460 506 1507 ei
533 1461 888 1508 commodaris.
967 1462 1121 1520 Quod
1161 1469 1214 1508 ut
1239 1461 1414 1520 facias,
1446 1470 1494 1508 te
1522 1462 1669 1509 vehe-
1704 1478 1751 1504 10

92 1552 287 1591 menter
327 1543 479 1591 etiam
522 1551 675 1605 atque
714 1544 866 1591 etiam
905 1560 1042 1607 rogo.

596 1721 693 1764 25.
757 1724 900 1774 (Fam.
925 1725 1051 1763 xm.
1077 1726 1165 1775 71.)

159 1849 224 1889 M.
275 1848 522 1889 CICERO
574 1849 619 1889 S.
671 1849 729 1889 D.
781 1848 828 1889 P.
878 1849 1198 1891 SERVILIO
1238 1850 1605 1893 COLLEGAE.

167 1970 362 2017 Multos
421 1970 514 2017 tibi
570 1971 922 2018 commendem
997 1987 1211 2019 necesse
1270 1981 1360 2030 est,
1429 1973 1667 2034 quoniam

96 2053 334 2100 omnibus
396 2061 519 2100 nota
569 2063 742 2101 nostra
793 2055 1123 2102 necessitudo
1180 2064 1258 2102 est
1313 2064 1500 2117 tuaque
1552 2074 1671 2120 erga

97 2153 176 2184 me
203 2136 577 2184 benevolentia.
657 2137 757 2184 Sed
784 2145 954 2184 tamen
985 2138 1080 2185 etsi
1108 2139 1332 2186 omniurn
1361 2156 1515 2187 causa
1543 2157 1671 2202 quos

96 2220 399 2267 commendo
462 2220 590 2267 velle
641 2220 821 2279 debeo,
875 2229 1044 2268 tamen
1108 2238 1220 2268 cum
1283 2223 1519 2270 omnibus
1572 2241 1668 2271 non
1708 2241 1754 2282 15

97 2304 275 2350 eadem
325 2303 449 2349 mihi
492 2319 648 2350 causa
689 2312 778 2351 est.
856 2306 915 2352 T.
962 2305 1186 2367 Agusius
1228 2314 1277 2353 et
1317 2323 1488 2354 comes
1531 2324 1672 2355 meus

96 2386 193 2434 fuit
220 2386 306 2434 illo
341 2386 622 2434 miserrimo
660 2394 888 2449 tempore
915 2395 965 2435 et
1001 2388 1226 2435 omnium
1255 2389 1506 2449 itinerum,
1539 2392 1675 2438 navi-

97 2469 374 2533 gationum,
394 2471 640 2528 laborum,
660 2470 1000 2532 periculorum
1023 2488 1250 2519 meorum
1272 2474 1441 2521 socius
1462 2494 1471 2531 ;
1509 2491 1673 2536 neque

98 2554 196 2601 hoc
221 2562 449 2616 tempore
477 2554 802 2602 discessisset
830 2571 858 2600 a
885 2571 963 2602 me
992 2555 1090 2602 nisi
1117 2573 1211 2619 ego
1239 2557 1284 2604 ei
1312 2557 1671 2619 permisissem.

100 2637 217 2696 Qua
266 2653 318 2685 re
369 2637 441 2685 sic
490 2637 582 2685 tibi
627 2654 742 2685 eum
787 2640 1091 2686 commendo
1143 2650 1394 2691 utiunum
1441 2643 1503 2689 de
1549 2642 1674 2689 meis
1708 2659 1758 2686 20

100 2720 395 2768 domesticis
446 2728 496 2768 et
539 2722 756 2770 maxime
807 2723 1124 2773 necessariis,
1206 2727 1500 2790 Pergratum
1553 2726 1673 2772 mihi
