1877 3021
423 192 605 229 FIFTY
650 191 922 229 LETTERS
965 191 1042 228 OF
1084 192 1312 229 CICERO
1629 193 1655 229 9

82 338 262 393 postea
306 330 695 392 diligentissime
735 329 902 376 coluit.
982 332 1107 376 Eum
1147 330 1239 377 tibi
1279 347 1462 393 magno
1501 347 1653 392 opere

83 413 384 462 commendo
429 422 483 461 ut
532 422 581 461 et
630 412 884 474 hospitem
935 421 985 460 et
1033 413 1333 461 familiarem
1387 430 1554 461 meum
1605 423 1653 462 et

79 507 277 563 gratum
318 498 574 545 hominem
615 506 665 545 et
706 497 865 544 virum
907 497 1096 544 bonum
1137 506 1186 544 et
1221 498 1501 560 principem
1539 498 1651 546 civi-

81 585 200 632 tatis
228 600 350 632 suae
385 591 435 630 et
467 591 552 629 tua
588 582 965 629 necessitudine
1002 583 1371 645 dignissimum.
1450 586 1651 645 Pergra-

80 677 185 716 tum
223 668 346 715 mihi
385 666 582 725 feceris,
624 666 665 714 si
707 668 908 714 dederis
954 683 1159 728 operam
1206 676 1260 714 ut
1304 667 1345 713 is
1390 666 1652 729 intellegat

81 753 213 799 hanc
239 767 404 799 meam
426 750 918 798 commendationem
947 767 1186 813 magnum
1216 750 1352 812 apud
1380 758 1427 797 te
1452 750 1652 812 pondus

80 835 337 884 habuisse.

597 984 694 1028 20.
757 986 899 1037 (Fam.
924 988 1048 1026 XIII.
1073 986 1132 1037 3.)

476 1112 722 1153 CICERO
775 1111 1063 1153 MEMMIO
1114 1112 1248 1153 SAL.

150 1237 208 1281 A.
242 1235 453 1290 Fufium,
484 1250 639 1280 unum
668 1250 728 1280 ex
757 1233 882 1280 meis
911 1233 1115 1291 intimis,
1146 1233 1650 1280 observantissimum

78 1316 611 1378 studiosissimumque
634 1316 809 1374 nostri,
835 1317 1085 1364 eruditum
1107 1316 1363 1363 hominem
1386 1324 1436 1363 et
1457 1332 1653 1363 summa

76 1400 408 1459 humanitate,
456 1408 644 1462 tuaque
697 1401 919 1448 amicitia
970 1400 1340 1463 dignissimum,
1384 1400 1555 1449 velim,
1585 1400 1654 1446 ita

76 1493 263 1533 tractes
291 1493 345 1533 ut
371 1485 493 1531 mihi
521 1500 691 1532 coram
719 1484 971 1546 recepisti.
1048 1486 1177 1531 Tam
1209 1491 1409 1546 gratum
1446 1482 1568 1530 mihi
1602 1483 1654 1529 id

76 1568 170 1616 erit
197 1585 347 1630 quam
375 1569 513 1630 quod
538 1568 896 1631 gratissimum.
974 1570 1150 1630 Ipsum
1171 1576 1435 1630 praeterea
1456 1583 1653 1615 summo

77 1651 242 1699 officio
269 1660 319 1700 et
358 1668 555 1699 summa
595 1653 920 1700 observantia
948 1652 1039 1699 tibi
1078 1653 1128 1698 in
1155 1661 1455 1714 perpetuum
1485 1652 1652 1699 devin-

76 1751 223 1783 xeris.

613 1879 709 1923 21.
773 1882 915 1933 (Fam.
941 1884 1039 1922 VII.
1063 1883 1123 1931 4.)

394 1988 460 2047 Μζ
509 2007 756 2048 CICERO
808 2008 854 2049 s.
896 2007 954 2048 D.
996 2007 1060 2048 M.
1102 2008 1339 2049 MARIO.

148 2131 208 2176 A.
239 2129 285 2176 d.
314 2143 451 2176 vnn.
484 2129 599 2176 Kal.
631 2128 680 2174 in
719 2130 1006 2177 Cumanum
1043 2129 1159 2176 veni
1188 2145 1303 2176 cum
1341 2130 1538 2177 Libone
1566 2138 1653 2176 tuo

78 2212 156 2259 vel
185 2220 356 2259 nostro
382 2211 570 2274 potius.
650 2214 707 2259 In
752 2212 1121 2274 Pompeianum
1149 2213 1319 2260 statim
1347 2213 1531 2276 cogito,
1563 2213 1653 2260 sed

77 2294 263 2342 faciam
313 2303 430 2342 ante
485 2303 536 2343 te
586 2295 867 2344 certiorem.
944 2298 1018 2343 Te
1070 2312 1185 2343 cum
1236 2312 1436 2358 semper
1485 2297 1653 2344 valere

79 2378 243 2440 cupio,
273 2386 379 2425 tum
407 2386 543 2427 certe
572 2380 692 2426 dum
720 2379 802 2426 hic
830 2396 1019 2427 sumus.
1097 2380 1258 2427 Vides
1295 2380 1431 2428 enim
1459 2387 1652 2442 quanto

79 2469 196 2523 post
231 2478 332 2509 una
365 2462 521 2509 futuri
560 2463 731 2510 simus.
810 2464 925 2523 Qua
964 2480 1031 2523 re,
1060 2463 1102 2511 si
1141 2465 1280 2525 quod
1319 2464 1654 2512 constitutum

79 2560 194 2592 cum
232 2546 460 2608 podagra
497 2547 672 2606 habes,
723 2548 807 2594 fac
845 2555 899 2594 ut
937 2547 988 2593 in
1039 2547 1192 2594 alium
1243 2548 1377 2595 diem
1429 2548 1650 2596 differas.

81 2629 216 2676 Cura
255 2628 405 2691 igitur
450 2637 504 2680 ut
548 2630 732 2690 valeas,
778 2638 827 2678 et
867 2646 944 2678 me
996 2632 1093 2678 hoc
1141 2631 1298 2691 biduo
1350 2639 1435 2678 aut
1484 2631 1652 2679 triduo

80 2720 333 2773 exspecta.

1689 1420 1736 1446 10

1691 2144 1735 2184 Ῑ5

1686 2561 1737 2588 20
