1877 3021
473 145 656 182 FIFTY
702 144 975 182 LETTERS
1019 145 1096 181 OF
1137 145 1366 183 CICERO
1654 146 1702 185 31

665 323 765 366 48.
828 324 972 376 (Fam.
996 325 1053 364 X.
1080 324 1167 375 14.)

273 451 470 503 (Romae,
494 463 529 488 a.
552 450 593 488 d.
619 460 687 487 111.
711 451 865 488 Nonas
890 449 1042 496 Maias,
1066 459 1199 487 A.U.c.
1223 461 1315 499 711.
1376 460 1458 489 B.c.
1481 452 1565 503 43.)

546 575 794 617 CICERO
845 574 1110 616 PLANCO
1157 574 1294 617 SAL.

202 698 246 746 O
274 704 470 759 gratam
502 697 693 743 famam
727 696 885 744 biduo
922 703 1039 744 ante
1075 695 1341 744 victoriam
1378 696 1440 744 de
1476 696 1706 745 subsidio

129 786 231 837 tuo,
261 778 324 824 de
361 777 545 836 studio,
576 777 639 824 de
676 776 948 835 celeritate,
980 777 1043 823 de
1079 776 1270 838 copiis!
1348 779 1518 839 Atque
1554 777 1703 825 etiam

129 861 364 908 hostibus
391 860 520 907 fusis
548 876 666 922 spes
694 861 858 908 omnis
895 868 972 907 est
998 860 1048 906 in
1085 868 1148 907 te.
1228 859 1439 922 Fugisse
1475 860 1608 908 enim
1646 878 1705 908 ex

129 941 322 1003 proelio
359 940 646 988 Mutinensi
682 940 920 987 dicuntur
955 940 1207 987 notissimi
1243 941 1496 988 latronum
1532 942 1702 988 duces.

131 1023 221 1068 Est
265 1029 433 1068 autem
474 1037 576 1068 non
618 1020 787 1067 minus
830 1027 1029 1082 gratum
1074 1029 1298 1068 extrema
1342 1021 1512 1069 delere
1554 1038 1704 1082 quam

131 1105 294 1166 prima
334 1104 605 1166 depellere.

200 1188 450 1250 Equidem
478 1188 841 1249 exspectabam
877 1187 976 1233 iam
1011 1194 1125 1234 tuas
1160 1186 1370 1246 litteras,
1402 1187 1555 1249 idque
1591 1204 1704 1235 cum

128 1271 329 1330 multis;
371 1272 741 1334 sperabamque
769 1270 921 1318 etiam
951 1270 1201 1332 Lepidum
1224 1270 1294 1318 rei
1323 1271 1559 1333 publicae
1586 1280 1704 1319 tem-

127 1355 336 1416 poribus
390 1355 704 1402 admonitum
753 1362 923 1401 tecum
967 1362 1017 1401 et
1066 1370 1181 1401 cum
1232 1370 1285 1401 re
1335 1354 1541 1416 publica
1591 1371 1704 1402 esse

126 1440 394 1486 facturum.
473 1441 533 1484 In
571 1438 707 1484 illam
744 1437 895 1500 igitur
921 1453 1091 1484 curam
1120 1438 1370 1496 incumbe,
1399 1438 1466 1484 mi
1500 1439 1703 1496 Plance,

128 1530 181 1569 ut
209 1538 270 1569 ne
300 1538 429 1584 quae
458 1521 678 1569 scintilla
704 1521 978 1568 taeterrimi
1006 1521 1125 1567 belli
1154 1521 1482 1583 relinquatur.
1553 1523 1705 1581 Quod

128 1606 170 1653 si
228 1606 321 1654 erit
378 1607 584 1664 factum,
639 1613 689 1652 et
746 1621 849 1652 rem
908 1604 1165 1666 publicam
1225 1605 1397 1653 divino
1455 1606 1705 1653 beneficio

128 1689 380 1737 adfeceris
407 1697 457 1736 et
484 1689 592 1751 ipse
621 1696 880 1736 aeternam
907 1688 1118 1750 gloriam
1147 1704 1476 1750 consequere.
1541 1691 1601 1736 D.
1627 1704 1700 1735 111.

130 1775 263 1820 Non.
295 1773 416 1820 Mai.

653 1959 754 2003 49.
818 1962 960 2013 (Fam.
985 1963 1088 2001 XII.
1113 1961 1173 2013 9.)

390 2088 588 2139 (Romae,
612 2099 760 2125 mense
784 2087 924 2131 Iunio,
948 2097 1080 2124 A.U.c.
1104 2098 1195 2136 711.
1258 2097 1339 2125 Rc.
1363 2086 1446 2138 43.)

554 2212 802 2254 CICERO
853 2212 1090 2254 CASSIO
1141 2212 1277 2254 SAL.

200 2333 428 2381 Brevitas
454 2341 654 2380 tuarum
686 2333 965 2381 litterarum
995 2350 1072 2380 me
1102 2350 1304 2395 quoque
1339 2333 1622 2381 breviorem
1654 2335 1699 2380 in

129 2417 401 2464 scribendo
435 2417 587 2475 facit,
630 2426 692 2475 et,
732 2434 848 2465 vere
883 2426 938 2465 ut
974 2417 1155 2476 dicam,
1187 2434 1286 2464 non
1326 2417 1450 2464 satis
1486 2418 1704 2464 occurrit

130 2501 253 2562 quid
280 2501 512 2548 scribam.
591 2503 807 2548 Nostras
846 2501 981 2548 enim
1020 2517 1100 2548 res
1139 2500 1187 2547 in
1230 2502 1354 2548 actis
1395 2501 1600 2562 perferri
1641 2502 1704 2547 ad

129 2593 178 2632 te
214 2593 352 2632 certo
380 2585 501 2643 scio,
538 2592 651 2631 tuas
680 2594 847 2632 autem
875 2585 1182 2647 ignoramus.
1218 2646 1222 2651 ὃ
1258 2586 1543 2646 Tamquam
1571 2585 1704 2632 enim

130 2668 304 2715 clausa
354 2669 417 2715 sit
469 2668 606 2725 Asia,
649 2669 721 2715 sic
771 2669 896 2714 nihil
947 2670 1197 2730 perfertur
1247 2668 1310 2714 ad
1363 2684 1456 2714 nos
1507 2677 1706 2729 praeter

1742 1457 1788 1483 10

1741 2353 1785 2394 ¹5
