1877 3021
128 1076 171 1103 I<.

127 1855 174 1897 Ι5

127 2631 177 2658 20

214 172 263 212 14
550 172 732 210 FIFTY
778 171 1051 210 LETTERS
1094 171 1172 208 OF
1214 172 1443 209 CICERO

212 321 563 376 argumentum
601 313 832 359 relictum
870 319 960 371 est,
990 320 1102 359 utar
1140 328 1200 359 ea
1238 312 1465 358 clausula
1503 328 1603 374 qua
1642 313 1782 360 soleo

210 404 361 458 teque
385 397 450 443 ad
478 396 699 443 studium
719 411 945 442 summae
969 394 1134 442 laudis
1156 395 1475 442 cohortabor.
1530 396 1618 442 Est
1646 395 1780 442 enim

209 479 301 527 tibi
328 479 496 541 gravis
525 479 819 526 adversaria
847 478 1124 525 constituta
1159 486 1209 525 et
1248 485 1438 539 parata,
1469 477 1782 525 incredibilis

210 563 462 624 quaedam
479 562 794 624 exspectatio
816 582 825 620 3
849 578 999 624 quam
1019 569 1073 608 tu
1091 578 1192 607 una
1209 577 1261 608 re
1279 560 1518 608 facillime
1534 560 1722 621 vinces,
1741 562 1782 609 si

210 646 306 692 hoc
329 645 582 702 statueris,
608 661 819 706 quarum
841 645 1048 691 laudum
1070 644 1280 706 gloriam
1303 643 1570 702 adamaris‚
1596 645 1782 706 quibus

209 729 402 776 artibus
453 745 544 776 eae
600 729 779 775 laudes
831 736 1203 789 comparantur,
1252 728 1302 774 in
1347 728 1407 775 iis
1457 744 1571 776 esse
1616 728 1784 775 elabo-

208 813 437 860 randum.
516 814 577 858 In
602 812 737 858 hanc
765 812 1073 859 sententiam
1114 811 1383 859 scriberem
1421 812 1576 873 plura,
1608 811 1704 859 nisi
1733 820 1781 858 te

208 904 295 942 tua
336 904 520 957 sponte
563 895 686 942 satis
729 895 995 942 incitatum
1037 911 1148 942 esse
1191 896 1534 953 confiderem3
1578 903 1627 942 et
1668 895 1780 954 hoc,

208 979 453 1040 quicquid
496 979 653 1041 attigi,
693 996 790 1026 non
834 978 933 1026 feci
976 979 1325 1025 inflammandi
1367 978 1439 1025 tui
1480 994 1647 1035 causa,
1691 979 1781 1025 sed

208 1063 516 1119 testificandi
546 1063 731 1109 amoris
767 1063 878 1109 mei.

707 1255 803 1297 29.
865 1258 1007 1308 (Fam.
1035 1258 1157 1296 XIII.
1194 1257 1279 1306 13.)

643 1381 890 1423 CICERO
941 1381 1167 1422 BRUTO
1219 1381 1353 1423 SAL.

277 1507 332 1552 L.
399 1503 701 1552 Castronius
770 1505 966 1560 Paetus,
1027 1503 1175 1565 longe
1238 1502 1474 1563 princeps
1537 1502 1781 1564 municipi

209 1587 472 1646 Lucensis,
522 1595 599 1633 est
644 1587 906 1643 honestus,
953 1585 1136 1647 gravis,
1185 1585 1366 1646 plenus
1417 1585 1563 1643 offici,
1617 1586 1782 1632 bonus

207 1673 357 1733 plane
385 1672 472 1728 vir,
503 1678 552 1717 et
580 1686 692 1716 cum
722 1669 993 1716 virtutibus
1022 1677 1126 1715 tum
1155 1669 1304 1716 etiam
1343 1669 1559 1727 fortuna,
1591 1668 1633 1715 si
1662 1669 1782 1729 quid

206 1756 304 1802 hoc
332 1756 397 1801 ad
424 1770 528 1801 rem
557 1753 788 1815 pertinet,
818 1761 1040 1800 ornatus.
1122 1754 1269 1799 Meus
1298 1761 1466 1798 autem
1495 1760 1571 1799 est
1605 1751 1783 1797 famili-

208 1838 485 1895 arissimus,
517 1837 587 1884 sic
614 1853 821 1898 prorsus
858 1844 911 1883 ut
947 1836 1107 1882 nostri
1135 1835 1329 1882 ordinis
1364 1837 1604 1882 observet
1630 1835 1782 1882 nemi-

207 1938 322 1968 nem
351 1920 658 1983 diligentius.
737 1921 852 1979 Qua
893 1936 943 1966 re
980 1928 1033 1966 ut
1070 1928 1119 1966 et
1154 1936 1317 1966 meum
1356 1920 1571 1965 amicum
1610 1927 1658 1966 et
1697 1927 1783 1965 tua

207 2005 417 2067 dignum
460 2004 683 2051 amicitia
717 2004 809 2051 tibi
846 2004 1164 2050 commendO.
1243 2003 1338 2050 Cui
1375 2002 1782 2063 quibuscumque

207 2089 360 2135 rebus
411 2087 834 2144 commodaveris,
885 2086 977 2133 tibi
1031 2087 1262 2147 profecto
1313 2085 1606 2143 iucundum,
1660 2084 1782 2130 mihi

207 2180 343 2218 certe
384 2172 477 2218 erit
517 2179 730 2232 gratum.
807 2171 948 2217 Vale.

720 2355 820 2398 30.
884 2357 1025 2407 (Fam.
1050 2358 1150 2396 XII.
1180 2358 1262 2406 19.)

555 2482 803 2523 CICERO
853 2481 1256 2523 CORNIFICIO
1307 2480 1441 2521 SAL.

281 2604 643 2652 Libentissime
683 2604 780 2665 legi
808 2611 922 2649 tuas
950 2603 1157 2660 litteras,
1188 2601 1236 2647 in
1268 2601 1452 2663 quibus
1482 2600 1780 2647 iucundissi-

210 2705 343 2734 mum
382 2687 503 2732 mihi
529 2686 625 2733 fuit
663 2687 797 2747 quod
836 2685 1050 2747 cognovi
1089 2701 1227 2731 meas
1261 2684 1351 2731 tibi
1386 2683 1612 2730 redditas
1649 2699 1777 2730 esse.
