1877 3021
418 160 602 198 FIFTY
645 160 917 198 LETTERS
961 160 1039 197 OF
1080 161 1309 199 CICERO
1600 162 1646 201 15

79 301 198 346 Non
224 299 358 346 enim
385 299 683 346 dubitabam
712 300 834 360 quin
863 315 950 346 eas
978 299 1194 347 libenter
1221 301 1443 348 lecturus
1471 318 1611 350 esses
1637 324 1645 358 ;

76 381 392 443 verebarut
440 382 786 429 redderentur.
866 383 1060 429 Bellum
1103 384 1240 444 quod
1290 393 1368 432 est
1409 385 1457 431 in
1507 386 1648 449 Syria

79 465 375 528 Syriamque
414 464 726 526 provinciam
753 465 845 512 tibi
873 465 1112 512 tributam
1141 482 1254 514 esse
1283 484 1311 513 a
1339 469 1560 515 Caesare
1588 485 1649 516 ex

74 548 175 596 tuis
202 546 382 595 litteris
408 547 638 610 cognovi.
717 549 839 594 Eam
870 548 1074 609 quidem
1098 565 1202 595 rem
1240 549 1332 596 tibi
1368 551 1482 597 volo
1516 551 1647 599 bene

75 639 126 678 et
165 631 383 678 feliciter
423 631 658 689 evenire3
708 631 844 692 quod
889 631 957 677 ita
997 632 1107 678 fore
1152 633 1355 679 confido
1396 634 1555 681 fretus
1598 643 1647 681 et

75 714 326 761 industria
352 722 402 762 et
427 714 698 776 prudentia
724 722 825 762 tua.

146 798 261 856 Sed,
292 797 354 844 de
393 798 616 844 Parthici
650 797 770 844 belli
799 798 1093 859 suspicione
1128 800 1265 859 quod
1300 799 1494 858 scribis,
1525 817 1646 848 sane

74 897 153 928 me
181 881 470 928 commovit.
548 881 687 941 Quid
708 881 968 943 copiarum
999 882 1228 941 haberes,
1257 898 1371 929 cum
1398 883 1506 945 ipse
1534 900 1649 931 con-

74 964 266 1011 iectura
293 964 538 1025 consequi
576 973 817 1026 poteram,
845 972 950 1012 tum
979 981 1041 1011 ex
1068 965 1168 1012 tuis
1198 965 1376 1013 litteris
1413 968 1643 1029 cognovi.

75 1049 255 1108 Itaque
283 1055 402 1109 opto
430 1064 493 1094 ne
522 1063 575 1094 se
611 1047 695 1094 illa
727 1064 853 1110 gens
890 1056 1091 1095 moveat
1125 1049 1221 1096 hoc
1256 1057 1496 1111 tempore,
1527 1052 1645 1097 dum

73 1131 138 1199 ad
163 1138 212 1178 te
240 1130 466 1192 legiones
494 1147 584 1178 eae
606 1131 951 1192 perducantur
971 1147 1098 1192 quas
1121 1132 1274 1179 audio
1296 1133 1426 1180 duci.
1493 1134 1645 1193 Quod

72 1213 114 1260 si
153 1230 301 1275 pares
341 1213 517 1275 copias
544 1214 607 1261 ad
647 1214 1027 1276 confligendum
1067 1231 1169 1262 non
1210 1216 1437 1275 habebis,
1468 1234 1569 1264 non
1596 1225 1645 1264 te

69 1297 231 1359 fugiet
258 1297 330 1343 uti
357 1297 571 1344 consilio
602 1299 671 1343 M.
700 1298 879 1356 Bibuli,
905 1298 991 1359 qui
1014 1314 1068 1346 se
1090 1299 1282 1360 oppido
1304 1300 1645 1348 munitissimo

70 1388 121 1427 et
145 1380 500 1442 copiosissimo
535 1388 638 1427 tam
674 1381 762 1427 diu
796 1381 960 1428 tenuit
997 1398 1147 1442 quam
1185 1382 1269 1428 diu
1299 1382 1347 1428 in
1386 1384 1646 1444 provincia

73 1463 244 1510 Parthi
270 1464 489 1511 fuerunt.

142 1547 244 1594 Sed
287 1547 415 1594 haec
456 1547 637 1594 melius
682 1563 743 1594 ex
787 1563 839 1594 re
885 1556 934 1595 et
974 1564 1035 1594 ex
1073 1557 1300 1610 tempore
1346 1550 1640 1598 constitues.

72 1630 202 1676 Mihi
241 1630 446 1692 quidem
488 1638 651 1692 usque
691 1647 840 1678 curae
883 1631 977 1678 erit
1019 1631 1139 1693 quid
1184 1648 1321 1694 agas,
1360 1633 1477 1680 dum
1521 1634 1642 1694 quid

68 1713 233 1776 egeris
285 1714 461 1762 sciero.
538 1715 757 1762 Litteras
815 1715 879 1762 ad
928 1723 976 1762 te
1028 1731 1305 1776 numquam
1358 1717 1512 1763 habui
1563 1718 1642 1763 cui

68 1798 255 1856 darem,
297 1799 418 1859 quin
459 1798 701 1845 dederim.
779 1801 824 1844 A
864 1807 912 1845 te
953 1807 1006 1845 ut
1045 1799 1179 1846 idem
1216 1800 1375 1847 facias
1415 1809 1549 1862 peto,
1592 1801 1641 1846 in

67 1870 345 1942 primisque
387 1889 441 1928 ut
482 1881 551 1928 ita
587 1881 651 1928 ad
687 1889 801 1928 tuos
841 1881 1035 1928 scribas
1081 1890 1135 1929 ut
1175 1898 1253 1929 me
1296 1891 1435 1929 tuum
1478 1883 1642 1930 sciant
1675 1897 1695 1922 2

67 1980 195 2011 eSSe.

605 2094 704 2138 31.
768 2097 910 2148 (Fam.
934 2098 1014 2136 1x.
1043 2097 1098 2148 1.)

456 2221 703 2263 CICERO
752 2221 1065 2263 VARRONI
1117 2222 1252 2264 SAL.

137 2344 211 2389 Ex
246 2341 307 2389 iis
344 2342 525 2390 litteris
561 2359 688 2404 quas
725 2342 926 2390 Atticus
962 2359 990 2390 a
1031 2351 1079 2390 te
1115 2343 1298 2391 missas
1333 2345 1456 2390 mihi
1501 2345 1635 2407 legit,

65 2425 187 2487 quid
225 2442 401 2488 ageres
442 2433 490 2472 et
531 2425 616 2472 ubi
659 2442 799 2473 esses
836 2426 1088 2488 cognovi;
1130 2429 1335 2488 quando
1381 2436 1547 2475 autem
1588 2437 1637 2476 te

62 2508 217 2556 visuri
244 2525 487 2567 essemus,
519 2509 642 2555 nihil
666 2526 789 2557 sane
812 2526 873 2556 ex
900 2509 1082 2557 iisdem
1104 2510 1284 2557 litteris
1306 2512 1450 2572 potui
1478 2511 1636 2573 suspi-

1710 645 1729 685 5

1683 1065 1730 1091 10

1681 1479 1726 1520 15

62 2592 179 2639 cari.
283 2595 341 2639 In
399 2609 542 2655 spem
591 2602 763 2640 tamen
813 2593 964 2641 venio
1016 2594 1428 2656 appropinquare
1494 2602 1633 2641 tuum
1667 2608 1716 2650 25

63 2676 370 2732 adventum3
435 2676 521 2737 qui
587 2676 710 2722 mihi
773 2677 968 2723 utinam
1033 2677 1225 2724 solacio
1281 2678 1358 2735 sit,
1411 2678 1505 2725 etsi
1564 2687 1635 2725 tot
