1877 3021
113 1457 161 1484 10

117 2234 161 2276 ί5

113 2651 163 2678 20

191 191 241 230 12
526 193 710 230 FIFTY
754 193 1028 231 LETTERS
1071 191 1149 229 OF
1191 190 1420 230 CICERO

188 331 383 389 feceris,
426 331 469 378 si
510 347 624 378 eum
669 330 740 378 ita
778 330 1011 378 tractaris
1057 338 1111 377 ut
1154 329 1417 391 intellegat
1459 329 1593 376 hanc
1632 344 1763 376 com-

190 414 569 461 mendationem
597 413 695 461 sibi
725 430 909 476 magno
937 413 1050 460 usui
1086 421 1238 474 atque
1266 412 1561 459 adiumento
1587 411 1760 459 fuisse.

702 605 801 647 26.
865 608 1007 657 (Fam.
1032 607 1131 647 vn.
1160 589 1244 656 ις.)

645 731 893 773 CICERO
943 730 1305 772 TREBATIO.

260 854 427 913 Quam
468 853 570 900 sint
608 852 794 899 morosi
836 852 921 913 qui
959 860 1145 910 amant,
1188 851 1265 898 vel
1308 868 1368 898 ex
1407 851 1503 898 hoc
1542 851 1764 913 intellegi

191 945 391 999 potest:
434 937 646 983 moleste
684 936 910 983 ferebam
947 942 1098 982 antea
1133 942 1181 982 te
1219 934 1431 982 invitum
1469 934 1581 982 istic
1617 950 1764 993 esse;

190 1021 370 1082 pungit
408 1037 487 1067 me
527 1036 700 1067 rursus
739 1019 878 1080 quod
922 1018 1102 1066 scribis
1143 1035 1255 1066 esse
1296 1026 1344 1065 te
1382 1018 1495 1065 istic
1530 1017 1762 1066 libenter.

193 1107 373 1166 Neque
425 1104 558 1150 enim
611 1120 723 1150 mea
774 1102 1220 1150 commendatione
1271 1110 1320 1149 te
1371 1118 1471 1148 non
1525 1102 1767 1149 delectari

189 1187 340 1234 facile
378 1188 622 1249 patiebar,
651 1195 701 1234 et
736 1203 873 1234 nunc
907 1203 1064 1249 angor
1101 1186 1375 1247 quicquam
1412 1185 1502 1232 tibi
1541 1186 1650 1232 sine
1688 1201 1767 1232 me

191 1288 305 1319 esse
334 1271 625 1319 iucundum.
705 1271 805 1318 Sed
842 1271 938 1317 hoc
977 1278 1146 1317 tamen
1176 1270 1309 1316 malo
1348 1270 1478 1317 ferre
1508 1285 1602 1316 nos
1641 1269 1768 1316 desi—

192 1355 386 1402 derium
425 1371 575 1416 quam
610 1362 659 1402 te
699 1371 802 1401 non
839 1371 899 1401 ea
927 1370 1058 1416 quae
1096 1370 1244 1415 spero
1273 1353 1534 1415 consequi.
1614 1353 1768 1412 Quod

192 1455 310 1486 vero
356 1439 406 1484 in
454 1441 510 1486 C.
560 1439 703 1497 Mati,
751 1438 1040 1485 suavissimi
1092 1437 1478 1499 doctissimique
1532 1435 1767 1495 hominis,

191 1522 587 1570 familiaritatem
615 1522 813 1580 venisti,
844 1538 946 1569 non
975 1521 1076 1568 dici
1104 1529 1271 1583 potest
1298 1537 1450 1582 quarn
1479 1521 1625 1568 valde
1652 1536 1769 1582 gau-

192 1607 369 1665 deam3
424 1606 510 1667 qui
559 1607 644 1652 fac
695 1613 750 1652 ut
799 1613 847 1652 te
900 1622 1050 1666 quam
1103 1604 1318 1652 maxime
1370 1604 1560 1667 diligat.
1639 1603 1768 1649 Mihi

192 1690 356 1748 crede,
387 1689 511 1735 nihil
540 1706 601 1736 ex
629 1689 727 1736 ista
762 1689 1026 1751 provincia
1061 1696 1207 1751 potes
1235 1689 1372 1750 quod
1408 1687 1678 1736 iucundius
1705 1686 1770 1734 sit

193 1774 474 1835 deportare.
554 1775 688 1821 Cura
716 1780 769 1819 ut
795 1772 980 1819 valeas.

721 1965 818 2008 27.
882 1968 1024 2018 (Fam.
1049 1968 1148 2006 V11.
1174 1967 1234 2016 7.)

653 2092 901 2133 CICERO
950 2091 1312 2132 TREBATIO.

267 2217 373 2277 Ego
412 2223 460 2262 te
499 2214 858 2261 commendare
910 2229 1011 2260 non
1064 2211 1290 2269 desist03
1345 2211 1435 2258 sed
1486 2211 1609 2272 quid
1659 2226 1768 2272 pro-

194 2299 361 2345 ficiam
398 2315 458 2345 ex
499 2306 548 2345 te
591 2298 718 2345 scire
759 2298 924 2359 cupio.
1003 2297 1155 2358 Spem
1197 2294 1466 2341 maximam
1508 2294 1674 2341 habeo
1717 2293 1766 2340 in

197 2382 370 2441 Balbo,
419 2382 482 2429 ad
525 2397 674 2443 quem
720 2382 783 2428 de
834 2389 883 2428 te
934 2378 1323 2441 diligentissime
1368 2385 1418 2425 et
1467 2377 1768 2439 saepissime

195 2466 376 2513 scribo.
454 2466 589 2512 Illud
635 2464 776 2511 soleo
814 2463 996 2521 mirari,
1039 2479 1142 2509 non
1188 2478 1268 2509 me
1307 2461 1496 2509 totiens
1536 2460 1768 2523 accipere

194 2557 308 2596 tuas
344 2550 536 2596 litteras
573 2548 811 2610 quotiens
839 2564 867 2594 a
895 2546 1088 2606 Quinto
1116 2545 1238 2592 mihi
1274 2546 1427 2593 fratre
1455 2545 1766 2592 adferantur.

198 2635 257 2679 In
288 2632 548 2680 Britannia
575 2632 699 2678 nihil
722 2647 835 2679 esse
860 2631 1011 2678 audio
1034 2647 1199 2692 neque
1227 2630 1334 2677 auri
1362 2645 1527 2691 neque
1555 2628 1765 2691 argenti.

198 2717 257 2763 Id
286 2717 327 2763 si
355 2716 425 2763 ita
452 2724 543 2775 est,
572 2717 811 2763 essedum
839 2715 1045 2779 aliquod
1074 2713 1248 2777 capias
1277 2714 1470 2761 suadeo
1497 2720 1547 2760 et
1575 2713 1638 2759 ad
1675 2727 1768 2760 nos
