1877 3021
169 135 221 172 24
511 134 692 170 FIFTV
738 134 1010 171 LETTERS
1054 135 1131 171 oF
1173 136 1401 173 CICERO

240 275 360 335 Ego,
387 273 538 334 quod,
559 289 650 333 per
676 272 996 319 Thessaliam
1026 273 1067 320 si
1090 274 1212 320 irem
1236 274 1285 320 in
1319 275 1538 335 Epirum,
1563 277 1741 338 perdiu

168 356 293 402 nihil
343 372 480 403 eram
526 355 805 414 auditurus,
854 364 904 402 et
949 357 1084 417 quod
1128 357 1227 404 mei
1272 358 1531 406 studiosos
1574 360 1742 407 habeo

169 440 568 503 Dyrrhachinos,
599 440 665 486 ad
692 456 780 486 eos
807 439 1020 501 perrexi,
1043 456 1157 486 cum
1186 441 1271 487 illa
1299 443 1560 503 superiora
1585 444 1744 491 Thes—

166 523 426 570 salonicae
453 523 788 585 scripsissem.
865 525 992 570 Inde
1020 539 1135 570 cum
1163 524 1228 571 ad
1256 531 1305 571 te
1331 541 1411 572 me
1433 534 1740 585 convertam,

113 617 133 656 5
166 607 349 654 faciam
391 614 445 654 ut
480 607 627 666 scias,
656 615 813 668 tuque
847 607 911 654 ad
948 623 1027 654 me
1064 607 1213 655 velim
1243 608 1414 655 omnia
1449 625 1600 670 quam
1637 610 1743 657 dili—

163 690 477 752 gentissime,
497 690 803 738 cuicuimodi
831 698 964 749 sunt,
989 691 1198 738 scribas.
1266 693 1372 753 Ego
1401 692 1497 738 iam
1522 700 1608 739 aut
1634 709 1740 740 rem

166 781 252 821 aut
268 790 330 821 ne
354 790 497 835 spem
519 774 724 835 quidem
743 781 998 836 exspecto.
1077 776 1212 822 Data
1231 789 1300 822 vi.
1325 775 1441 821 Kal.
1469 777 1736 825 Decembr.

165 858 499 920 Dyrrhachio.

679 1002 780 1045 43.
844 1005 986 1055 (Fam.
1010 1005 1128 1044 XIV.
1154 1004 1214 1053 3.)

332 1130 604 1181 (Dyrrhachi,
628 1129 763 1179 pridie
790 1128 1009 1167 Kalendas
1035 1129 1298 1175 Decembris,
1324 1141 1455 1168 A.u.c.
1479 1130 1571 1180 696.

863 1210 942 1236 ηε.
969 1199 1049 1250 58.)

301 1325 593 1366 TULLIUS
644 1326 689 1366 S.
731 1325 788 1365 I).
833 1301 1237 1365 TERENTIAE
1287 1325 1461 1366 SUAE
1513 1325 1599 1366 ET

536 1408 833 1449 TULLIAE
883 1408 967 1448 ET
1017 1408 1361 1449 CICERONI.

230 1530 422 1591 Accepi
451 1531 514 1577 ab
552 1529 855 1578 Aristocrito
892 1538 995 1577 tres
1030 1529 1276 1591 epistulas
1305 1546 1432 1591 quas
1469 1547 1563 1592 ego
1598 1531 1736 1578 lacri-

82 1633 127 1659 10
160 1614 253 1660 mis
275 1630 431 1675 prope
456 1613 635 1661 delevi.
714 1612 971 1661 Conficior
992 1613 1128 1661 enim
1151 1630 1391 1673 maerore,
1416 1630 1529 1661 mea
1550 1616 1738 1662 Teren-

158 1697 262 1755 tia3
316 1713 408 1744 nec
448 1714 589 1744 meae
629 1713 709 1744 me
748 1697 981 1744 miseriae
1032 1697 1194 1759 magis
1245 1697 1537 1745 excruciant
1582 1715 1733 1759 quam

159 1789 275 1828 tuae
302 1790 618 1842 vestraeque.
698 1784 805 1843 Ego
833 1788 1002 1828 autem
1038 1781 1136 1827 hoc
1169 1781 1399 1828 miserior
1434 1797 1544 1828 sum
1581 1799 1732 1843 quam

158 1873 211 1911 tu
247 1881 377 1926 quae
414 1881 468 1912 es
505 1864 802 1923 miserrima,
832 1865 971 1926 quod
1007 1864 1119 1926 ipsa
1154 1865 1416 1912 calamitas
1450 1865 1733 1913 communis

157 1957 235 1996 est
285 1949 547 2009 utriusque
599 1957 842 2007 nostrum,
885 1949 976 1995 sed
1027 1948 1176 2010 culpa
1225 1965 1338 1995 mea
1386 1949 1589 2010 propria
1638 1958 1751 2015 est.-

79 2043 125 2085 15
160 2034 331 2079 Meum
361 2033 455 2080 fuit
481 2032 700 2079 officium
729 2032 806 2080 vel
835 2032 1090 2095 legatione
1126 2032 1284 2079 vitare
1320 2032 1616 2094 periculum,
1653 2033 1731 2080 vel

156 2116 419 2178 diligentia
446 2124 495 2163 et
523 2116 684 2177 copiis
710 2116 963 2175 resistere,
992 2115 1070 2163 vel
1107 2116 1288 2162 cadere
1324 2116 1535 2163 fortiter.
1613 2117 1731 2163 Hoc

155 2199 403 2258 miserius,
433 2200 644 2261 turpius,
673 2199 932 2261 indignius
960 2199 1109 2245 nobis
1138 2199 1264 2244 nihil
1290 2199 1398 2246 fuit.

225 2284 341 2343 Qua
385 2299 437 2330 re
487 2299 601 2330 cum
652 2283 827 2330 dolore
872 2282 1114 2330 conficior
1155 2290 1261 2329 tum
1312 2281 1466 2329 etiam
1517 2283 1725 2344 pudore.

157 2368 322 2414 Pudet
360 2366 494 2413 enim
523 2382 603 2413 me
642 2366 785 2413 uxori
824 2382 968 2413 meae
997 2367 1233 2428 optimae,
1265 2365 1582 2413 suavissimis
1611 2366 1728 2413 libe-

75 2469 123 2496 20
154 2450 222 2498 ris
273 2452 511 2498 virtutem
561 2458 611 2498 et
662 2450 977 2513 diligentiam
1023 2467 1125 2498 non
1171 2449 1503 2513 praestitisse.
1595 2451 1727 2496 Nam

155 2535 277 2580 mihi
339 2543 457 2582 ante
510 2535 685 2582 oculos
736 2535 845 2582 dies
907 2542 1189 2596 noctesque
1240 2542 1473 2582 versatur
1522 2533 1728 2595 squalor

154 2625 321 2665 vester
357 2626 405 2665 et
447 2634 642 2665 maeror
683 2626 736 2665 etv
768 2618 1033 2665 infirmitas
1073 2604 1380 2665 valetudinis
1420 2625 1563 2673 tuae3
1607 2632 1726 2677 spes
