1877 3021
475 157 656 193 FIFTY
701 157 973 194 LETTERS
1017 157 1094 194 OF
1136 158 1364 196 CICERO
1656 160 1702 197 25

134 304 300 342 autem
329 296 506 343 salutis
534 296 794 358 pertenuis
821 296 1120 343 ostenditur.
1184 297 1382 344 Inimici
1405 306 1523 345 sunt
1546 301 1701 358 multi,

133 378 290 426 invidi
329 395 492 440 paene
531 396 722 426 omnes.
802 380 977 426 Eicere
1018 396 1109 426 nos
1138 396 1376 442 magnum
1404 382 1512 440 fuit,
1542 383 1704 429 exclu-

131 466 250 512 dere
271 462 420 509 facile
443 470 534 510 est.
613 464 713 510 Sed
735 471 919 521 tamen,
945 481 1095 525 quam
1119 465 1204 510 diu
1232 481 1321 511 vos
1350 464 1489 512 eritis
1517 465 1568 511 in
1595 482 1701 527 spe,

130 564 230 595 non
260 546 508 605 deficiam,
539 562 600 593 ne
627 547 799 593 omnia
827 564 939 594 mea
966 549 1115 610 culpa
1142 549 1390 595 cecidisse
1418 549 1701 597 videantur.

199 633 271 678 Ut
297 639 406 677 tuto
436 630 544 687 sim,
576 631 712 691 quod
741 631 960 690 laboras,
990 632 1042 678 id
1082 631 1204 678 mihi
1233 649 1368 680 1111116
1406 633 1702 679 facillimum

128 722 219 772 est,
244 731 393 776 quem
417 714 569 761 etiam
592 714 783 761 inimici
805 715 981 762 volunt
1003 716 1171 762 vivere
1201 716 1251 761 in
1280 717 1357 762 his
1378 717 1533 763 tantis
1560 717 1704 764 mise-

126 798 236 857 riis3
277 814 370 860 ego
409 806 577 845 tamen
616 798 801 844 faciam
841 816 971 860 quae
1016 798 1284 860 praecipis.
1363 799 1554 846 Amicis
1599 801 1703 861 qui-

126 882 221 928 bus
254 882 459 929 voluisti
497 881 576 944 egi
611 882 816 944 gratias,
845 890 894 930 et
934 899 1021 929 eas
1060 882 1252 930 litteras
1295 882 1529 944 Dexippo
1569 883 1700 940 dedi,

126 980 308 1026 meque
350 965 413 1012 de
455 981 626 1012 eorum
671 965 836 1012 officio
879 966 1058 1027 scripsi
1110 982 1138 1012 a
1179 974 1229 1013 te
1269 967 1537 1013 certiorem
1588 983 1700 1014 esse

122 1049 329 1095 factum.
408 1049 644 1095 Pisonem
672 1057 897 1095 nostrum
936 1049 1146 1096 mirifico
1174 1065 1287 1096 esse
1324 1049 1492 1096 studio
1520 1049 1570 1096 in
1608 1067 1699 1097 nos

123 1140 172 1179 et
214 1131 379 1178 officio
420 1140 470 1178 et
511 1148 606 1194 ego
648 1132 899 1193 perspicio
935 1140 985 1179 et
1025 1148 1202 1180 omnes
1244 1133 1554 1194 praedicant.
1635 1134 1699 1179 Di

121 1215 284 1262 faxint
329 1223 383 1262 ut
421 1216 507 1263 tali
552 1232 741 1278 genero
792 1216 915 1262 mihi
955 1216 1214 1277 praesenti
1250 1224 1416 1263 tecum
1460 1217 1606 1263 simul
1649 1225 1698 1264 et

122 1315 234 1346 cum
276 1299 450 1346 liberis
490 1300 675 1346 nostris
713 1299 810 1345 frui
850 1299 1027 1347 liceat!

192 1385 341 1430 Nunc
381 1400 498 1444 spes
538 1383 732 1444 reliqua
770 1391 846 1430 est
897 1384 947 1429 in
999 1383 1144 1430 novis
1186 1384 1402 1430 tribunis
1447 1384 1512 1445 pl.
1556 1392 1606 1430 et
1647 1384 1694 1429 in

121 1467 296 1528 primis
333 1467 537 1528 quidem
574 1467 785 1524 diebus;
827 1483 957 1524 nam,
989 1468 1031 1513 si
1060 1467 1366 1525 inveterarit,
1398 1476 1565 1514 actum
1601 1476 1692 1515 est.

123 1552 195 1596 Ea
235 1566 286 1597 re
321 1551 385 1597 ad
421 1559 468 1597 te
508 1550 677 1597 statim
715 1549 1072 1597 Aristocritum
1109 1550 1235 1609 misi,
1267 1559 1321 1598 ut
1356 1552 1419 1597 ad
1463 1567 1541 1598 me
1582 1568 1696 1598 con-

119 1633 262 1680 tinuo
312 1633 456 1681 initia
485 1650 657 1692 ,rerum
711 1643 760 1681 et
799 1634 1046 1680 rationem
1097 1634 1255 1680 totius
1304 1635 1477 1696 negoti
1516 1651 1694 1696 posses

118 1717 371 1776 scribere,
413 1717 508 1764 etsi
538 1717 774 1778 Dexippo
811 1734 1015 1778 quoque
1053 1717 1122 1764 ita
1158 1717 1401 1779 imperavi
1437 1719 1607 1765 statim
1644 1727 1695 1765 ut

117 1809 409 1859 recurreret,
454 1809 504 1848 et
555 1801 620 1848 ad
662 1802 867 1848 fratrem
920 1801 1034 1848 misi
1080 1809 1133 1848 ut
1174 1802 1351 1848 crebro
1401 1802 1693 1849 tabellarios

118 1884 351 1932 mitteret.
431 1887 561 1931 Nam
613 1901 707 1947 ego
758 1901 818 1931 eo
862 1885 1065 1932 nomine
1107 1901 1217 1932 sum
1270 1886 1555 1947 Dyrrhachi
1597 1887 1692 1933 hoc

115 1976 357 2029 tempore,
400 1976 453 2015 ut
495 1984 646 2029 quam
687 1968 947 2015 celerrime
989 1968 1111 2030 quid
1157 1977 1335 2030 agatur
1379 1969 1599 2028 audiam,
1644 1978 1693 2016 et

118 2067 228 2097 sum
255 2036 386 2110 tuto,
428 2051 606 2099 civitas
635 2052 769 2098 enim
798 2053 923 2099 haec
951 2068 1150 2113 semper
1187 2069 1214 2098 a
1242 2069 1319 2098 me
1348 2053 1562 2100 defensa
1599 2062 1688 2100 est.

119 2136 248 2182 Cum
293 2135 483 2182 inimici
535 2136 694 2182 nostri
734 2135 907 2183 venire
952 2135 1197 2194 dicentur,
1243 2144 1348 2183 turn
1391 2136 1441 2182 in
1486 2136 1691 2198 Epirum

117 2218 214 2266 ibo.

187 2303 341 2362 Quod
369 2302 549 2350 scribis
577 2310 640 2362 te,
670 2303 713 2349 si
740 2302 904 2361 velim,
930 2303 995 2350 ad
1024 2319 1100 2349 me
1128 2311 1407 2361 venturam,
1433 2319 1527 2366 ego
1555 2319 1689 2362 vero,

116 2402 231 2432 cum
266 2386 424 2432 sciam
460 2402 695 2448 magnam
722 2394 919 2448 partem
949 2386 1095 2433 istius
1136 2386 1305 2433 oneris
1334 2387 1426 2433 abs
1462 2395 1511 2433 te
1548 2387 1689 2434 susti-

116 2470 236 2527 neri,
268 2477 316 2516 te
356 2469 469 2516 istic
508 2486 621 2517 esse
660 2471 790 2518 volo.
870 2469 920 2517 Si
959 2470 1203 2531 perficitis
1240 2471 1379 2531 quod
1416 2470 1579 2533 agitis,
1610 2487 1689 2518 me

116 2552 180 2599 ad
206 2569 297 2600 vos
324 2554 497 2600 venire
525 2562 724 2615 oportet
750 2574 760 2612 3
800 2553 878 2601 sin
907 2545 1076 2602 autem
1095 2584 1162 2588 —
1180 2555 1268 2602 sed
1306 2554 1431 2600 nihil
1458 2570 1587 2615 opus
1615 2562 1691 2600 est

116 2636 308 2697 reliqua
359 2637 595 2684 scribere.
674 2639 747 2683 Ex
799 2637 974 2699 primis
1020 2646 1106 2684 aut
1151 2646 1405 2684 summum
1451 2638 1689 2683 secundis

1738 1068 1783 1093 10

1733 1484 1778 1524 15
