1877 3021
441 187 621 224 FIFTY
666 187 938 226 LETTERS
982 188 1060 227 OF
1102 189 1329 228 CICERO
1622 189 1669 229 13

101 341 251 387 quam
301 325 517 387 primum
568 343 810 375 recurras.
890 328 976 375 Sin
1029 336 1195 376 autem
1247 329 1355 377 sine
1408 329 1669 377 Britannia

98 418 267 458 tamen
296 408 511 471 adsequi
539 410 677 471 quod
706 411 936 458 volumus
972 427 1259 473 possumus,
1291 413 1477 474 perfice
1512 420 1564 460 ut
1600 414 1669 461 sis

98 495 148 542 in
174 494 507 542 familiaribus
537 495 789 543 Caesaris.
867 495 1088 543 Multum
1114 504 1163 543 te
1193 496 1243 542 in
1272 512 1332 544 eo
1358 496 1512 544 frater
1533 497 1668 544 adiu-

96 579 237 627 vabit
276 596 433 638 meus,
478 578 694 629 multum
741 579 967 637 Balbus,
1023 580 1129 639 sed,
1174 579 1297 626 mihi
1338 580 1503 639 crede,
1552 587 1668 628 tuus

95 664 259 724 pudor
285 672 334 711 et
355 663 499 710 labor
519 663 804 725 plurimum.
871 663 1666 725 Imperatoremliberalissimum
1730 676 1749 718 5

94 746 269 805 habes,
323 754 540 794 aetatem
603 746 1103 808 opportunissimam,
1168 748 1665 794 commendationem

95 837 229 877 certe
266 829 588 893 singularem,
627 838 682 877 ut
717 829 809 876 tibi
851 846 1005 876 unum
1042 830 1324 877 timendum
1360 830 1425 877 sit
1459 846 1522 877 ne
1556 830 1665 892 ipse

93 912 186 960 tibi
225 913 451 961 defuisse
491 913 710 961 videare.

638 1114 731 1155 28.
797 1117 939 1167 (Fam.
965 1117 1023 1155 ΙΙ.
1048 1116 1108 1167 4.)

376 1249 440 1288 M.
491 1248 739 1289 CICERO
790 1249 836 1289 S.
876 1248 934 1289 D.
975 1248 1024 1288 C.
1075 1248 1382 1290 CURIONI.

163 1376 506 1438 Epistularum
555 1393 744 1439 genera
783 1377 942 1423 multa
993 1393 1105 1424 esse
1147 1394 1249 1424 non
1290 1377 1520 1439 ignoras;
1574 1379 1665 1426 sed

92 1475 247 1506 unum
274 1459 399 1507 illud
435 1459 787 1519 certissimum,
819 1460 962 1506 cuius
998 1476 1153 1507 causa
1191 1460 1398 1507 inventa
1433 1477 1512 1507 res
1552 1461 1663 1523 ipsa
1698 1478 1748 1504 ιο

91 1551 181 1601 est,
211 1551 264 1590 ut
291 1542 533 1590 certiores
558 1544 845 1590 faceremus
868 1544 1124 1601 absentes,
1150 1543 1192 1590 si
1220 1544 1342 1605 quid
1369 1553 1506 1591 esset
1528 1545 1665 1605 quod

90 1642 179 1673 eos
207 1627 336 1673 scire
363 1634 449 1673 aut
476 1634 649 1674 nostra
677 1635 762 1673 aut
791 1627 1012 1688 ipsorum
1049 1627 1333 1675 interesset.
1409 1629 1488 1674 Tu
1515 1628 1665 1675 huius

89 1709 290 1772 generis
316 1710 511 1757 litteras
540 1727 568 1756 a
595 1726 674 1756 me
701 1711 934 1772 profecto
957 1727 1056 1757 non
1081 1719 1363 1772 exspectas.
1440 1713 1664 1758 Tuarum

90 1793 224 1841 enim
246 1810 412 1841 rerum
441 1794 754 1841 domesticos
782 1794 942 1841 habes
970 1802 1020 1841 et
1048 1795 1320 1856 scriptores
1343 1803 1392 1842 et
1420 1796 1626 1842 nuntios
1653 1816 1662 1853 ;

90 1877 141 1923 in
168 1877 294 1924 meis
323 1885 490 1925 autem
518 1878 669 1925 rebus
699 1878 823 1924 nihil
851 1886 928 1925 est
951 1894 1073 1925 sane
1097 1878 1227 1925 novi.
1307 1879 1526 1941 Reliqua
1547 1887 1665 1926 sunt
1701 1899 1748 1941 15

89 1961 418 2022 epistularum
455 1977 645 2024 genera
684 1961 786 2008 duo
823 1978 952 2023 quae
981 1978 1060 2009 me
1096 1978 1281 2024 magno
1316 1979 1468 2024 opere
1504 1963 1665 2022 delec-

89 2052 223 2092 tant:
264 2061 420 2091 unum
447 2045 695 2092 familiare
732 2053 782 2092 et
819 2046 1062 2104 iocosum,
1094 2046 1309 2092 alterum
1349 2062 1579 2094 severum
1615 2055 1665 2094 et

89 2144 256 2191 grave.
368 2130 499 2175 Utro
551 2145 629 2176 me
680 2129 848 2176 minus
899 2130 1080 2176 deceat
1130 2130 1203 2176 uti
1254 2146 1357 2177 non
1408 2130 1662 2193 intellego.

91 2214 302 2259 Iocerne
348 2220 514 2259 tecum
559 2229 649 2274 per
692 2213 921 2260 litteras?
998 2213 1174 2261 Civem
1225 2214 1513 2261 mehercule
1563 2231 1665 2261 non

89 2304 212 2357 puto
248 2312 361 2342 esse
397 2295 483 2357 qui
518 2297 835 2358 temporibus
872 2297 950 2343 his
986 2297 1149 2344 ridere
1185 2298 1362 2359 possit.
1441 2300 1518 2345 An
1559 2314 1665 2360 gra·
1699 2317 1750 2344 20

90 2379 202 2426 vius
229 2379 422 2441 aliquid
449 2379 699 2427 scribam?
775 2380 914 2439 Quid
941 2388 1019 2428 est
1041 2382 1176 2441 quod
1203 2381 1367 2443 possit
1393 2381 1611 2444 graviter
1639 2398 1666 2428 a

93 2462 340 2510 Cicerone
369 2463 523 2510 scribi
545 2464 610 2510 ad
633 2463 907 2511 Curionem
936 2463 1034 2511 nisi
1057 2465 1119 2512 de
1142 2480 1192 2511 re
1214 2464 1456 2526 publica?
1508 2464 1666 2526 Atqui

91 2546 142 2593 in
179 2546 276 2593 hoc
309 2562 496 2608 genere
532 2547 659 2594 haec
694 2563 808 2594 mea
844 2563 999 2594 causa
1035 2556 1126 2606 est,
1156 2556 1210 2595 ut
1246 2564 1410 2609 neque
1445 2564 1505 2595 ea
1536 2565 1667 2609 quae

93 2630 258 2677 sentio
281 2631 511 2688 audeam,
534 2646 699 2691 neque
719 2647 778 2677 ea
797 2647 926 2692 quae
948 2647 1049 2677 nou
1075 2631 1238 2691 sentio
1257 2631 1404 2678 velim
1429 2632 1663 2679 scribere.

163 2714 331 2772 Quam
387 2714 453 2760 ob
510 2729 629 2770 rem,
687 2713 925 2774 quoniam
984 2714 1103 2758 mihi
1161 2714 1352 2760 nullum
1411 2714 1666 2761 scribendi
1701 2732 1749 2773 25
