1877 3021
100 1457 148 1483 10

99 1873 146 1914 Ι5

185 199 211 236 6
527 199 707 236 FIFTY
754 198 1026 236 LETTERS
1070 198 1147 236 OF
1189 198 1419 235 CICERO

186 338 302 384 illa:
346 345 589 399 quantum
620 354 699 385 me
727 338 909 400 diligis,
941 345 1138 384 tantum
1168 337 1353 384 adhibe
1390 337 1440 382 in
1476 345 1524 384 te
1553 337 1758 400 diligen-

184 421 298 468 tiae.
376 422 454 467 Ad
499 429 585 468 tua
626 420 1017 468 innumerabilia
1059 421 1108 466 in
1149 436 1227 466 me
1267 414 1441 467 officia'
1472 420 1604 467 adde
1638 415 1757 480 hoc,

185 505 321 564 quod
349 504 470 549 mihi
499 504 591 551 erit
617 504 962 566 gratissimum
991 504 1231 551 omnium.
1297 505 1425 551 Cum
1453 503 1760 552 valetudinis

184 587 446 645 rationem,
472 597 525 634 ut
553 604 716 649 spero,
742 589 994 647 habueris,
1018 589 1206 635 habeto
1228 589 1378 634 etiam
1402 587 1756 650 navigationis.

186 673 245 716 In
268 671 468 717 Italiam
487 671 728 719 euntibus
750 672 986 719 omnibus
1006 673 1070 719 ad
1093 689 1170 719 me
1189 672 1382 718 litteras
1410 672 1572 731 dabis,
1594 680 1647 719 ut
1666 689 1759 734 ego

183 762 384 801 euntem
410 756 586 801 Patras
604 755 858 802 neminem
877 755 1240 816 praetermitto.
1295 758 1443 812 Cura,
1465 764 1668 814 curate,
1693 756 1759 801 mi

183 837 331 895 Tiro;
368 838 608 898 quoniam
630 855 726 885 non
752 838 967 901 contigit
991 847 1043 886 ut
1065 840 1212 885 simul
1236 838 1516 901 navigares,
1539 839 1663 885 nihil
1681 847 1760 886 est

183 921 320 981 quod
342 921 555 968 festines
583 938 678 968 nec
707 922 979 983 quicquam
1001 938 1147 969 cures
1169 922 1266 968 nisi
1290 930 1343 969 ut
1365 922 1548 968 valeas.
1595 921 1757 968 Etiam

182 1011 334 1065 atque
361 1004 512 1050 etiam
541 1005 667 1051 vale.
745 1020 836 1052 VII.
868 1006 993 1053 Idus
1023 1007 1152 1053 Nov.
1182 1005 1347 1063 Actio,
1378 1005 1590 1066 vesperi.

686 1196 780 1240 14.
844 1199 987 1251 (Fam.
1012 1200 1130 1239 XVI.
1157 1199 1216 1250 7.)

260 1323 554 1365 TULLIUS
607 1323 692 1364 ET
742 1323 991 1365 CICERO
1043 1324 1087 1364 S.
1130 1325 1186 1364 D.
1237 1323 1478 1365 TIRONI
1531 1324 1675 1365 SUO.

251 1444 532 1504 Septimum
573 1445 671 1490 iam
711 1444 845 1491 diem
886 1447 1138 1508 Corcyrae
1178 1445 1488 1503 tenebamur,
1532 1445 1756 1504 Quintus

179 1535 345 1573 autem
375 1536 519 1588 pater
546 1536 595 1574 et
625 1528 756 1574 filius
788 1527 1034 1575 Buthroti.
1114 1527 1325 1574 Solliciti
1349 1544 1548 1574 eramus
1581 1528 1644 1575 de
1669 1536 1756 1575 tua

178 1610 469 1657 valetudine
498 1611 680 1658 mirum
709 1612 759 1657 in
788 1612 1008 1671 modum,
1039 1627 1133 1659 nec
1161 1611 1468 1658 mirabamur
1497 1611 1623 1657 nihil
1652 1628 1680 1658 a
1707 1619 1754 1659 te

179 1694 488 1753 litterarum3
543 1694 603 1741 iis
656 1695 791 1742 enim
843 1695 1007 1742 ventis
1049 1695 1201 1742 istinc
1252 1693 1532 1758 navigatur,
1576 1695 1662 1756 qui
1712 1694 1754 1741 si

178 1786 365 1835 essent,
397 1794 491 1825 nos
530 1781 783 1842 Corcyrae
823 1795 925 1826 non
963 1779 1272 1826 sederemus.
1351 1780 1485 1826 Cura
1521 1779 1670 1841 igitur
1704 1786 1753 1825 te

178 1869 227 1907 et
265 1861 508 1908 confirma
547 1870 609 1919 et,
652 1878 766 1908 cum
805 1862 1069 1909 commode
1110 1870 1159 1908 et
1196 1878 1286 1922 per
1323 1861 1665 1908 valetudinem
1705 1869 1755 1908 et

178 1960 267 2005 per
294 1944 412 1990 anni
441 1952 642 2006 tempus
670 1946 910 2007 navigare
938 1945 1141 2006 poteris,
1168 1945 1232 1991 ad
1262 1961 1354 1991 nos
1377 1944 1754 1991 amantissimos

99 2052 103 2055 ·
178 2027 251 2074 tui
288 2028 418 2075 veni.
497 2030 662 2075 Nemo
699 2045 792 2075 nos
829 2036 964 2075 amat
1001 2028 1085 2089 qui
1128 2036 1175 2075 te
1215 2045 1317 2074 non
1360 2028 1564 2089 diligat3
1605 2043 1753 2074 carus

96 2650 146 2677 20

177 2111 414 2158 omnibus
476 2120 906 2173 exspectatusque
969 2111 1158 2159 venies.
1255 2113 1388 2159 Cura
1450 2119 1504 2158 ut
1564 2111 1750 2158 valeas.

180 2194 345 2241 Etiam
367 2202 520 2256 atque
542 2195 709 2254 etiam,
733 2195 853 2242 Tiro
876 2203 1062 2253 noster,
1085 2195 1211 2242 vale.
1264 2209 1348 2242 xv.
1377 2194 1490 2242 Kal.
1516 2196 1751 2257 Corcyra.

681 2387 776 2430 15.
840 2390 982 2441 (Fam.
1007 2390 1126 2429 XVI.
1155 2393 1241 2440 15.)

573 2513 865 2556 TULLIUS
916 2483 1156 2554 TIRONI
1210 2513 1344 2555 SAL.

248 2636 483 2697 Aegypta
523 2635 587 2681 ad
627 2651 706 2682 me
746 2635 884 2682 venit
923 2651 995 2696 pr.
1041 2635 1164 2681 Idus
1203 2637 1321 2696 Apr.
1400 2636 1451 2681 Is
1490 2634 1585 2681 etsi
1627 2634 1749 2680 mihi

178 2716 430 2764 nuntiavit
459 2725 505 2764 te
534 2717 685 2779 plane
713 2717 843 2764 febri
882 2733 1052 2765 carere
1080 2718 1294 2765 et·belle
1331 2718 1532 2776 habere,
1562 2724 1746 2776 tamen,
