1877 3021
191 194 242 233 18
531 193 713 231 FIFTY
757 192 1029 230 LETTERS
1073 192 1150 229 OF
1193 192 1420 229 CICERO

189 331 410 381 curaturi
461 334 671 380 sumus?
748 333 821 379 Ea
871 331 1134 378 videamus
1186 346 1317 392 quae
1359 332 1423 378 ad
1468 347 1559 379 nos
1601 331 1762 394 magis

190 416 460 479 pertinent,
490 431 585 462 nec
613 422 786 462 tamen
820 414 978 461 multo
1006 432 1014 460 :
1057 413 1179 476 quid
1218 430 1428 476 agamus
1467 416 1529 462 de
1565 423 1759 463 senatu.

191 503 266 559 Et,
310 507 365 546 ut
406 515 470 546 ne
512 498 635 560 quid
675 497 1087 560 praetermittam,
1133 498 1419 545 Caesonius
1465 499 1528 546 ad
1571 514 1648 545 me
1690 498 1763 546 lit-

189 592 322 631 teras
361 581 499 630 misit
540 582 850 629 Postumiam
888 581 1078 644 Sulpici
1115 583 1321 629 domum
1357 583 1421 629 ad
1456 597 1509 629 se
1543 581 1759 629 venisse.

135 675 155 717 5
191 669 270 715 De
298 666 508 729 Pompei
538 666 716 729 Magni
746 666 848 713 filia
875 666 967 714 tibi
994 666 1230 728 rescripsi
1262 665 1386 712 nihil
1415 681 1492 712 me
1521 666 1617 713 hoc
1644 673 1762 713 tem-

188 770 309 816 pore
351 753 585 816 cogitare.
663 753 890 800 Alteram
934 769 1051 800 vero
1093 752 1229 799 illam
1270 768 1421 814 quam
1467 760 1521 799 tu
1563 752 1758 810 scribis,

188 846 326 899 puto,
356 837 505 885 nosti.
584 837 724 884 Nihil
764 837 866 884 vidi
905 836 1122 883 foedius,
1201 836 1302 883 Sed
1342 836 1551 894 adsum3
1591 852 1760 883 coram

188 920 352 983 igitur.

259 1004 545 1066 Obsignata
571 1003 790 1065 epistula
818 1003 991 1064 accepi
1019 1011 1148 1051 tuas.
1228 1003 1428 1049 Atticae
1457 1001 1760 1049 hilaritatem

110 1092 157 1119 10
188 1088 407 1135 libenter
434 1087 618 1146 audi03
660 1086 1099 1134 commotiunculis
1127 1087 1407 1148 συμπάσχω.

950 1347 1009 1403 ΙΙ

764 1509 863 1553 36.
927 1511 1040 1563 (Att.
1066 1512 1100 1551 1.
1127 1511 1186 1562 2.)

403 1638 603 1689 (Rornae,
627 1650 773 1676 mense
797 1637 1017 1686 Quinctili,
1040 1646 1172 1674 A.U.C.
1196 1635 1289 1687 689.
1350 1646 1432 1674 B.C.
1455 1635 1539 1688 65.)

610 1762 857 1803 CICERO
907 1761 1159 1802 ATTICO
1210 1761 1345 1802 SAL.

259 1887 314 1932 L.
345 1884 476 1931 Iulio
505 1886 727 1932 Caesare
757 1886 813 1931 C.
847 1883 1042 1930 Marcio
1073 1883 1252 1945 Figulo
1280 1882 1578 1930 consulibus
1606 1882 1762 1930 filiolo

189 1985 267 2016 me
295 1976 499 2015 auctum
527 1967 655 2014 scito
683 1967 823 2014 salva
849 1966 1103 2014 Terentia.
1181 1967 1287 2013 Abs
1315 1974 1363 2013 te
1391 1974 1493 2012 tam
1523 1966 1609 2012 diu
1638 1965 1763 2011 nihil

188 2052 466 2099 litterarum
493 2055 500 2098 1
580 2052 686 2112 Ego
709 2052 772 2097 de
794 2051 919 2097 meis
943 2050 1006 2096 ad
1034 2058 1082 2096 te
1105 2049 1590 2110 rationibusscripsi
1613 2057 1763 2096 antea

188 2135 473 2198 diligenter.
565 2136 684 2181 Hoc
745 2142 974 2196 tempore
1028 2133 1317 2191 Catilinam,
1378 2132 1760 2194 competitorem

110 2236 158 2278 15
191 2227 433 2277 nostrum,
464 2218 743 2266 defendere
771 2217 1070 2279 cogitamus.
1124 2216 1328 2263 Iudices
1357 2217 1605 2263 habemus
1633 2232 1762 2277 quos

186 2302 451 2360 voluimus,
512 2317 710 2348 summa
767 2300 1080 2348 accusatoris
1136 2300 1414 2347 voluntate.
1493 2301 1668 2361 Spero,
1720 2299 1761 2346 si

187 2385 450 2432 absolutus
514 2385 622 2444 erit,
674 2384 1076 2432 coniunctiorem
1134 2383 1272 2429 illum
1336 2382 1484 2430 nobis
1538 2384 1648 2430 fore
1710 2382 1758 2428 in

186 2469 382 2515 ratione
410 2468 673 2530 petitionis
700 2488 708 2526 3
751 2467 827 2514 sin
858 2468 1001 2515 aliter
1029 2467 1285 2524 acciderit,
1316 2466 1604 2513 humaniter
1637 2467 1762 2513 fere-

185 2568 311 2600 mus.
389 2553 502 2598 Tuo
530 2553 753 2599 adventu
782 2551 930 2598 nobis
958 2567 1088 2612 opus
1117 2558 1194 2597 est
1216 2558 1442 2608 maturo;
1482 2565 1600 2596 nam
1627 2565 1762 2614 pror-

104 2653 153 2680 20
186 2652 270 2682 sus
299 2652 495 2682 summa
520 2636 783 2681 hominum
813 2643 889 2681 est
916 2634 1089 2695 opinio
1113 2641 1226 2680 tuos
1247 2633 1535 2691 familiares,
1561 2633 1760 2679 nobiles

185 2719 432 2777 homines,
469 2718 787 2765 adversarios
828 2717 1006 2763 honori
1050 2725 1223 2764 nostro
1265 2718 1385 2764 fore.
1464 2717 1544 2763 Ad
1586 2731 1757 2763 eorum
