1877 3021
102 1596 148 1623 10

101 2012 147 2054 15

99 2431 149 2457 20

184 218 239 257 20
527 219 709 257 FIFTY
754 220 1028 258 LETTERS
1071 221 1149 257 OF
1191 221 1419 259 CICERO

184 358 596 420 praetermissam
637 375 751 407 esse
793 360 1022 419 arbitror,
1068 360 1205 421 quod
1244 376 1473 408 vererere
1512 377 1575 408 ne
1617 361 1761 409 cuius

186 441 408 488 animum
434 441 741 490 offenderes.
820 443 923 490 Sed
958 442 1087 490 scito
1114 459 1173 490 ea
1201 459 1331 504 quae
1359 460 1452 491 nos
1479 461 1570 506 pro
1599 445 1760 492 salute

182 523 377 586 patriae
417 525 686 587 gessimus,
734 525 872 573 orbis
917 534 1080 574 terrae
1126 526 1314 574 iudicio
1360 543 1419 574 ac
1468 527 1761 575 testimonio

182 609 531 670 comprobari3
561 625 707 670 quae,
729 625 843 657 cum
871 610 1086 669 veneris,
1107 615 1249 658 tanto
1277 610 1493 658 consilio
1515 618 1760 673 tantaque

183 690 338 737 animi
365 692 718 754 magnitudine
747 709 776 739 a
803 709 883 741 me
913 701 1059 755 gesta
1095 709 1207 741 esse
1244 710 1528 756 cognosces
1563 703 1616 741 ut
1651 694 1758 753 tibi,

182 775 340 823 multo
390 775 569 823 maiori
621 793 775 838 quam
823 777 1099 824 Africanus
1142 777 1252 836 suit,
1300 793 1394 836 me,
1449 794 1550 824 non
1601 778 1760 825 multo

181 858 425 906 minorem
467 875 619 921 quam
656 859 901 919 Laelium,
931 861 1083 907 facile
1120 868 1170 908 et
1204 860 1253 906 in
1293 877 1345 908 re
1385 860 1590 922 publica
1623 869 1674 908 et
1708 860 1758 907 in

182 942 406 989 amicitia
444 943 743 991 adiunctum
785 959 897 991 esse
938 944 1147 1006 patiare.

723 1122 822 1166 38.
885 1086 998 1176 (Att.
1031 1126 1089 1164 ΙΙ.
1124 1125 1212 1176 23.)

432 1249 630 1300 (Romae,
652 1262 798 1288 mense
823 1250 987 1295 Sextili,
1009 1260 1141 1287 A.U.C.
1165 1249 1259 1301 695.
1319 1260 1400 1288 B.C.
1427 1249 1506 1302 59.)

601 1374 851 1415 CICERO
899 1375 1152 1417 ATTICO
1203 1375 1339 1417 SAL.

251 1496 543 1556 Numquam
577 1502 696 1542 ante
733 1495 947 1543 arbitror
978 1504 1027 1543 te
1063 1496 1334 1557 epistulam
1373 1512 1538 1544 meam
1574 1496 1759 1559 legisse

180 1577 279 1625 nisi
330 1594 443 1626 mea
489 1594 641 1625 manu
692 1578 948 1641 scriptam.
1042 1581 1114 1626 Ex
1165 1595 1225 1627 eo
1275 1579 1513 1642 colligere
1567 1580 1759 1642 poteris

180 1668 373 1723 quanta
413 1662 751 1724 occupatione
792 1662 1051 1711 distinear.
1128 1665 1275 1722 Nam,
1312 1679 1425 1710 cum
1461 1663 1609 1710 vacui
1641 1672 1760 1710 tem-

179 1745 319 1808 poris
351 1745 477 1792 nihil
509 1746 750 1793 haberem
786 1754 836 1793 et
870 1762 982 1793 cum
1016 1747 1324 1794 recreandae
1357 1747 1569 1794 voculae
1604 1763 1759 1795 causa

179 1845 393 1877 necesse
421 1837 559 1878 esset
585 1829 704 1876 mihi
735 1830 1008 1889 ambulare,
1036 1830 1164 1877 haec
1191 1830 1379 1877 dictavi
1407 1831 1689 1878 ambulans.

252 1913 473 1961 Primum
512 1914 663 1976 igitur
701 1913 825 1961 illud
862 1921 912 1960 te
953 1913 1082 1961 scire
1119 1915 1247 1972 volo,
1281 1914 1755 1975 Sampsiceramum,

181 2004 408 2044 nostrum
437 1996 669 2056 amicum,
693 1998 1022 2044 vehementer
1049 1997 1126 2044 sui
1154 2005 1316 2044 status
1337 1997 1599 2059 paenitere
1621 1998 1759 2045 resti-

179 2079 356 2142 tuique
383 2080 434 2126 in
461 2096 576 2127 eum
597 2080 764 2127 locum
785 2097 971 2143 cupere
994 2097 1054 2128 ex
1077 2097 1177 2142 quo
1199 2080 1404 2139 decidit,
1427 2081 1758 2143 doloremque

181 2163 625 2225 suum‘impertire
666 2164 815 2211 nobis
852 2172 900 2211 et
941 2164 1245 2211 medicinam
1289 2165 1541 2212 interdum
1584 2173 1759 2227 aperte

180 2263 439 2308 quaerere,
464 2264 616 2308 quam
645 2263 739 2310 ego
762 2264 914 2309 posse
936 2248 1150 2295 inveniri
1173 2249 1360 2295 nullam
1384 2257 1535 2311 puto3
1571 2248 1757 2295 deinde

180 2330 346 2377 omnis
377 2330 510 2378 illius
541 2331 700 2392 partis
731 2339 965 2379 auctores
1001 2348 1059 2378 ac
1093 2332 1260 2379 socios
1297 2333 1436 2379 nullo
1466 2333 1757 2380 adversario

180 2429 567 2474 consenescere,
588 2416 981 2463 consensionem
1002 2416 1349 2463 universorum
1369 2432 1463 2463 nec
1480 2415 1757 2463 voluntatis

181 2513 276 2545 nec
303 2498 551 2546 sermonis
578 2499 819 2547 maiorem
848 2516 1088 2562 umquam
1114 2499 1286 2547 fuisse.

252 2583 360 2629 Nos
399 2591 786 2630 autem—nam
826 2584 877 2631 id
915 2592 964 2631 te
1004 2584 1131 2632 scire
1169 2599 1353 2646 cupere
1392 2591 1530 2630 certo
1569 2583 1757 2630 scio-—

181 2664 401 2726 publicis
440 2666 667 2714 consiliis
713 2667 864 2714 nullis
910 2668 1231 2727 intersumus,
1276 2675 1513 2729 totosque
1558 2682 1652 2713 nos
1691 2666 1754 2711 ad

181 2749 436 2796 forensem
493 2766 699 2811 operam
755 2751 1082 2811 laboremque
1138 2750 1470 2808 contulimus3
1528 2766 1588 2797 ex
1639 2765 1751 2810 quo,
