1877 3021
132 1082 179 1109 IO

131 1491 177 1532 15

126 2217 177 2243 20

126 2630 174 2672 25

213 169 263 209 16
551 170 733 208 FIFTV
778 170 1051 209 LETTERS
1094 171 1172 209 OF
1213 170 1442 209 CICERO

211 311 469 372 tantisque
496 311 648 358 rebus
675 326 911 373 urgemur
945 318 999 358 ut
1033 310 1223 357 nullam
1252 311 1626 359 adlevationem
1655 311 1786 373 quis—

212 410 363 455 quam
390 410 493 441 non
521 393 850 441 stultissimus
879 409 1082 455 sperare
1105 394 1305 441 debeat.
1385 395 1485 441 Sed
1507 403 1676 442 tamen
1700 403 1786 442 aut

211 486 264 524 tu
291 485 439 540 potes
466 494 546 525 me
573 485 661 525 aut
688 493 781 539 ego
807 485 857 524 te
884 477 1103 524 fortasse
1133 476 1303 538 aliqua
1329 493 1381 524 re
1410 478 1595 525 iuvare.

283 561 421 608 Scito
463 561 597 608 enim
643 577 736 619 me,
782 568 964 623 postea
1014 576 1166 622 quam
1217 560 1266 607 in
1318 562 1493 608 urbem
1544 562 1782 620 venerim,

211 645 406 692 redisse
434 661 549 692 cum
576 644 835 692 veteribus
864 644 1053 702 amicis,
1084 644 1136 692 id
1164 652 1242 692 est
1269 661 1383 692 cum
1411 644 1552 692 libris
1579 644 1783 703 nostris,

211 728 260 774 in
299 728 548 790 gratiam3
597 727 694 775 etsi
730 744 832 775 non
869 727 1059 775 idcirco
1095 743 1269 774 eorum
1309 744 1457 775 usum
1493 727 1784 775 dimiseram

212 813 349 873 quod
382 812 442 858 iis
485 827 853 870 suscenserem,
883 811 975 858 sed
1017 811 1156 872 quod
1200 827 1371 858 eorum
1414 827 1492 858 me
1534 812 1786 874 suppude-

210 896 311 942 bat.
389 895 618 942 Videbar
645 894 779 942 enim
809 894 944 952 mihi,
976 911 1089 941 cum
1118 910 1197 941 me
1225 894 1276 940 in
1304 910 1384 941 res
1419 894 1786 942 turbulentissi-

211 995 319 1026 mas
340 979 709 1026 infidelissimis
731 978 884 1026 sociis
912 977 1248 1037 demisissem,
1272 978 1558 1040 praeceptis
1587 978 1785 1025 illorum

211 1079 312 1110 non
353 1064 477 1110 satis
516 1064 762 1125 paruisse.
841 1065 1123 1124 Ignoscunt
1159 1061 1294 1119 mihi,
1325 1070 1566 1109 revocant
1592 1062 1642 1108 in
1671 1078 1786 1109 con-

211 1147 532 1195 suetudinem
572 1147 838 1209 pristinam
877 1154 1043 1207 teque,
1076 1146 1213 1206 quod
1250 1145 1298 1191 in
1333 1161 1393 1192 ea
1429 1145 1782 1206 permanseris,

211 1230 572 1293 sapientiorem
609 1247 762 1292 quam
799 1247 879 1277 me
907 1230 1083 1277 dicunt
1118 1229 1289 1276 fuisse.
1366 1229 1534 1288 Quam
1563 1229 1628 1276 ob
1664 1245 1784 1288 rem,

210 1315 451 1375 quoniam
487 1315 702 1376 placatis
733 1314 794 1360 iis
826 1321 953 1371 utor,
988 1313 1165 1361 videor
1201 1328 1406 1375 sperare
1435 1314 1637 1372 debere,
1668 1313 1708 1360 si
1737 1322 1786 1361 te

210 1397 436 1457 viderim,
467 1406 517 1445 et
553 1414 614 1444 ea
650 1414 781 1459 quae
813 1405 1061 1460 premant,
1093 1405 1142 1444 et
1180 1413 1240 1444 ea
1279 1413 1410 1459 quae
1439 1397 1782 1459 impendeant,

211 1498 289 1528 me
328 1481 479 1529 facile
516 1482 860 1529 transiturum.
938 1482 1105 1541 Quam
1141 1482 1207 1528 ob
1234 1497 1354 1540 rem,
1384 1480 1490 1528 sive
1519 1480 1569 1526 in
1597 1482 1787 1528 Tuscu-

210 1565 327 1612 lano
355 1566 460 1612 sive
488 1565 538 1611 in
568 1567 801 1613 Cumano
830 1565 894 1611 ad
930 1572 978 1612 te
1006 1565 1229 1626 placebit
1256 1564 1375 1623 sive,
1407 1564 1544 1626 quod
1580 1564 1785 1612 minime

210 1649 373 1707 velim,
406 1651 616 1708 Romae,
648 1650 766 1696 dum
809 1649 961 1696 modo
989 1648 1136 1695 simul
1177 1648 1348 1707 simus,
1379 1648 1635 1710 perficiam
1676 1664 1785 1710 pro-

209 1734 346 1780 fecto
396 1741 449 1779 ut
499 1733 551 1779 id
615 1733 813 1794 utrique
864 1740 1094 1779 nostrum
1151 1731 1620 1779 commodissimum
1671 1747 1786 1779 esse

210 1816 529 1863 diiudicetur.

742 1946 841 1989 32.
896 1948 1009 1999 (Att.
1034 1949 1134 1987 XII.
1163 1947 1246 1998 15.)

628 2073 876 2114 CICERO
926 2072 1178 2113 ATTICO
1231 2072 1365 2113 SAL.

279 2196 432 2257 Apud
489 2195 813 2256 Appuleium,
875 2194 1115 2256 quoniam
1192 2194 1239 2239 in
1309 2200 1611 2255 perpetuum
1680 2209 1781 2239 non

208 2280 388 2341 placet,
442 2278 492 2325 in
543 2278 653 2325 dies
704 2286 758 2325 ut
807 2294 1017 2326 excuser
1067 2277 1280 2324 videbis.
1359 2278 1417 2323 In
1469 2276 1564 2323 hac
1614 2276 1781 2322 solitu-

208 2363 326 2410 dine
369 2378 518 2409 careo
564 2362 787 2409 omnium
828 2361 1099 2422 colloquio,
1145 2376 1362 2421 cumque
1402 2375 1550 2406 mane
1601 2375 1681 2406 me
1731 2358 1781 2405 in

208 2447 385 2493 silvam
432 2446 652 2492 abstrusi
694 2446 906 2492 densam
950 2453 1000 2492 et
1050 2460 1298 2505 asperam,
1347 2459 1447 2490 non
1492 2459 1618 2490 exeo
1663 2442 1782 2489 inde

208 2537 324 2576 ante
361 2545 646 2592 vesperum.
724 2529 1014 2575 Secundum
1050 2536 1098 2575 te
1136 2527 1262 2573 nihil
1299 2535 1377 2574 est
1412 2526 1534 2572 mihi
1570 2525 1782 2573 amicius

208 2613 495 2661 solitudine.
575 2616 634 2659 In
663 2629 723 2660 ea
750 2613 872 2658 mihi
901 2612 1066 2659 omnis
1101 2628 1266 2659 sermo
1303 2620 1380 2658 est
1414 2627 1527 2658 cum
1563 2604 1779 2667 litteris;

207 2714 320 2744 eum
344 2706 512 2745 tamen
533 2697 821 2759 interpellat
839 2697 1003 2755 fletus,
1024 2696 1103 2743 cui
1122 2711 1349 2757 repugno
1368 2694 1537 2756 quoad
1555 2708 1777 2755 possum,
