<?xml version="1.0" encoding="UTF-8"?>
<!DOCTYPE html PUBLIC "-//W3C//DTD XHTML 1.0 Transitional//EN"
    "http://www.w3.org/TR/xhtml1/DTD/xhtml1-transitional.dtd">
<html xmlns="http://www.w3.org/1999/xhtml" xml:lang="en" lang="en">
 <head>
  <title>
</title>
<meta http-equiv="Content-Type" content="text/html;charset=utf-8" />
  <meta name='ocr-system' content='tesseract 3.04.00' />
  <meta name='ocr-capabilities' content='ocr_page ocr_carea ocr_par ocr_line ocrx_word'/>
</head>
<body>
  <div class='ocr_page' id='page_1' title='image "./fiftylettersofci00cice/fiftylettersofci00cice_0048.png"; bbox 0 0 1877 3021; ppageno 0'>
   <div class='ocr_carea' id='block_1_1' title="bbox 102 1764 148 1791">
    <p class='ocr_par' dir='ltr' id='par_1_1' title="bbox 102 1764 148 1791">
     <span class='ocr_line' id='line_1_1' title="bbox 102 1764 148 1791; baseline 0.043 -2"><span class='ocrx_word' id='word_1_1' title='bbox 102 1764 148 1791; x_wconf 94' lang='lat'>10</span> 
     </span>
    </p>
   </div>
   <div class='ocr_carea' id='block_1_2' title="bbox 99 2179 143 2219">
    <p class='ocr_par' dir='ltr' id='par_1_2' title="bbox 99 2179 143 2219">
     <span class='ocr_line' id='line_1_2' title="bbox 99 2179 143 2219; baseline 0 0"><span class='ocrx_word' id='word_1_2' title='bbox 99 2179 143 2219; x_wconf 86' lang='lat'>15</span> 
     </span>
    </p>
   </div>
   <div class='ocr_carea' id='block_1_3' title="bbox 194 142 1427 183">
    <p class='ocr_par' dir='ltr' id='par_1_3' title="bbox 194 142 1427 183">
     <span class='ocr_line' id='line_1_3' title="bbox 194 142 1427 183; baseline -0.002 0"><span class='ocrx_word' id='word_1_3' title='bbox 194 143 249 183; x_wconf 87' lang='lat'>30</span> <span class='ocrx_word' id='word_1_4' title='bbox 536 144 719 182; x_wconf 86' lang='lat' dir='ltr'><strong>FIFTY</strong></span> <span class='ocrx_word' id='word_1_5' title='bbox 764 143 1036 182; x_wconf 89' lang='lat' dir='ltr'><strong>LETTERS</strong></span> <span class='ocrx_word' id='word_1_6' title='bbox 1079 142 1157 181; x_wconf 89' lang='lat' dir='ltr'>OF</span> <span class='ocrx_word' id='word_1_7' title='bbox 1199 142 1427 181; x_wconf 90' lang='lat' dir='ltr'><strong>CICERO</strong></span> 
     </span>
    </p>
   </div>
   <div class='ocr_carea' id='block_1_4' title="bbox 270 336 1680 644">
    <p class='ocr_par' dir='ltr' id='par_1_4' title="bbox 270 336 1680 644">
     <span class='ocr_line' id='line_1_4' title="bbox 729 336 1228 390; baseline -0.008 -10"><span class='ocrx_word' id='word_1_8' title='bbox 729 336 830 380; x_wconf 81' lang='lat'>47.</span> <span class='ocrx_word' id='word_1_9' title='bbox 894 339 1008 390; x_wconf 86' lang='lat' dir='ltr'>(Att.</span> <span class='ocrx_word' id='word_1_10' title='bbox 1033 339 1113 378; x_wconf 92' lang='lat' dir='ltr'>IX.</span> <span class='ocrx_word' id='word_1_11' title='bbox 1144 338 1228 387; x_wconf 87' lang='lat'><strong>16.)</strong></span> 
     </span>
     <span class='ocr_line' id='line_1_5' title="bbox 270 470 1680 523; baseline -0.002 -13"><span class='ocrx_word' id='word_1_12' title='bbox 270 471 486 523; x_wconf 86' lang='lat' dir='ltr'><strong>(Formiis,</strong></span> <span class='ocrx_word' id='word_1_13' title='bbox 509 484 546 509; x_wconf 85' lang='lat' dir='ltr'>a.</span> <span class='ocrx_word' id='word_1_14' title='bbox 570 471 608 509; x_wconf 92' lang='lat' dir='ltr'>d.</span> <span class='ocrx_word' id='word_1_15' title='bbox 632 481 713 509; x_wconf 79' lang='lat' dir='ltr'>vn.</span> <span class='ocrx_word' id='word_1_16' title='bbox 741 470 962 509; x_wconf 80' lang='lat' dir='ltr'>Kalendas</span> <span class='ocrx_word' id='word_1_17' title='bbox 987 470 1159 520; x_wconf 77' lang='lat' dir='ltr'>Aprilis,</span> <span class='ocrx_word' id='word_1_18' title='bbox 1183 479 1314 507; x_wconf 81' lang='lat' dir='ltr'>A.u.c.</span> <span class='ocrx_word' id='word_1_19' title='bbox 1339 479 1429 521; x_wconf 86' lang='lat'>705.</span> <span class='ocrx_word' id='word_1_20' title='bbox 1492 480 1573 508; x_wconf 80' lang='lat' dir='ltr'>13.c.</span> <span class='ocrx_word' id='word_1_21' title='bbox 1596 472 1680 521; x_wconf 87' lang='lat'>49.)</span> 
     </span>
     <span class='ocr_line' id='line_1_6' title="bbox 614 601 1347 644; baseline -0.004 0"><span class='ocrx_word' id='word_1_22' title='bbox 614 603 862 644; x_wconf 88' lang='lat' dir='ltr'><strong>CICERO</strong></span> <span class='ocrx_word' id='word_1_23' title='bbox 911 602 1162 643; x_wconf 87' lang='lat' dir='ltr'><strong>ATTICO</strong></span> <span class='ocrx_word' id='word_1_24' title='bbox 1213 601 1347 643; x_wconf 85' lang='lat' dir='ltr'><strong>SAL.</strong></span> 
     </span>
    </p>
   </div>
   <div class='ocr_carea' id='block_1_5' title="bbox 185 730 1762 1291">
    <p class='ocr_par' dir='ltr' id='par_1_5' title="bbox 185 730 1762 1291">
     <span class='ocr_line' id='line_1_7' title="bbox 261 730 1759 792; baseline -0.001 -13"><span class='ocrx_word' id='word_1_25' title='bbox 261 734 388 780; x_wconf 93' lang='lat' dir='ltr'>Cum</span> <span class='ocrx_word' id='word_1_26' title='bbox 434 732 569 792; x_wconf 85' lang='lat' dir='ltr'>quod</span> <span class='ocrx_word' id='word_1_27' title='bbox 609 731 883 778; x_wconf 81' lang='lat' dir='ltr'><strong>scriberem</strong></span> <span class='ocrx_word' id='word_1_28' title='bbox 927 731 990 776; x_wconf 87' lang='lat' dir='ltr'>ad</span> <span class='ocrx_word' id='word_1_29' title='bbox 1032 738 1080 777; x_wconf 93' lang='lat' dir='ltr'>te</span> <span class='ocrx_word' id='word_1_30' title='bbox 1123 730 1245 776; x_wconf 87' lang='lat' dir='ltr'>nihil</span> <span class='ocrx_word' id='word_1_31' title='bbox 1282 730 1536 785; x_wconf 87' lang='lat' dir='ltr'>haberem,</span> <span class='ocrx_word' id='word_1_32' title='bbox 1575 737 1759 789; x_wconf 88' lang='lat' dir='ltr'>tamen,</span> 
     </span>
     <span class='ocr_line' id='line_1_8' title="bbox 189 812 1760 876; baseline 0 -14"><span class='ocrx_word' id='word_1_33' title='bbox 189 832 252 862; x_wconf 89' lang='lat' dir='ltr'>ne</span> <span class='ocrx_word' id='word_1_34' title='bbox 281 831 431 876; x_wconf 84' lang='lat' dir='ltr'>quem</span> <span class='ocrx_word' id='word_1_35' title='bbox 460 816 593 861; x_wconf 90' lang='lat' dir='ltr'>diem</span> <span class='ocrx_word' id='word_1_36' title='bbox 624 815 1023 871; x_wconf 74' lang='lat' dir='ltr'>intermitterem,</span> <span class='ocrx_word' id='word_1_37' title='bbox 1056 815 1146 859; x_wconf 88' lang='lat' dir='ltr'>has</span> <span class='ocrx_word' id='word_1_38' title='bbox 1183 814 1302 859; x_wconf 85' lang='lat' dir='ltr'>dedi</span> <span class='ocrx_word' id='word_1_39' title='bbox 1338 812 1547 860; x_wconf 81' lang='lat' dir='ltr'>litteras.</span> <span class='ocrx_word' id='word_1_40' title='bbox 1626 816 1683 861; x_wconf 92' lang='lat' dir='ltr'>A.</span> <span class='ocrx_word' id='word_1_41' title='bbox 1714 816 1760 862; x_wconf 89' lang='lat' dir='ltr'>d.</span> 
     </span>
     <span class='ocr_line' id='line_1_9' title="bbox 188 897 1760 946; baseline 0.001 -1"><span class='ocrx_word' id='word_1_42' title='bbox 188 913 254 945; x_wconf 90' lang='lat' dir='ltr'>v1.</span> <span class='ocrx_word' id='word_1_43' title='bbox 307 900 421 946; x_wconf 89' lang='lat' dir='ltr'>Kal.</span> <span class='ocrx_word' id='word_1_44' title='bbox 466 900 738 946; x_wconf 76' lang='lat' dir='ltr'>Caesarem</span> <span class='ocrx_word' id='word_1_45' title='bbox 781 898 1054 945; x_wconf 80' lang='lat' dir='ltr'>Sinuessae</span> <span class='ocrx_word' id='word_1_46' title='bbox 1106 912 1399 943; x_wconf 88' lang='lat' dir='ltr'>mansurum</span> <span class='ocrx_word' id='word_1_47' title='bbox 1440 897 1760 946; x_wconf 85' lang='lat' dir='ltr'>nuntiabant.</span> 
     </span>
     <span class='ocr_line' id='line_1_10' title="bbox 189 981 1758 1040; baseline 0 -12"><span class='ocrx_word' id='word_1_48' title='bbox 189 983 268 1029; x_wconf 90' lang='lat' dir='ltr'>Ab</span> <span class='ocrx_word' id='word_1_49' title='bbox 316 999 376 1030; x_wconf 92' lang='lat' dir='ltr'>eo</span> <span class='ocrx_word' id='word_1_50' title='bbox 425 982 548 1028; x_wconf 87' lang='lat' dir='ltr'>mihi</span> <span class='ocrx_word' id='word_1_51' title='bbox 598 982 794 1029; x_wconf 87' lang='lat' dir='ltr'>litterae</span> <span class='ocrx_word' id='word_1_52' title='bbox 846 982 1074 1029; x_wconf 85' lang='lat' dir='ltr'>redditae</span> <span class='ocrx_word' id='word_1_53' title='bbox 1127 990 1243 1028; x_wconf 90' lang='lat' dir='ltr'>sunt</span> <span class='ocrx_word' id='word_1_54' title='bbox 1295 997 1336 1028; x_wconf 91' lang='lat' dir='ltr'>a.</span> <span class='ocrx_word' id='word_1_55' title='bbox 1385 981 1431 1028; x_wconf 88' lang='lat' dir='ltr'>d.</span> <span class='ocrx_word' id='word_1_56' title='bbox 1486 995 1574 1028; x_wconf 82' lang='lat' dir='ltr'>VII.</span> <span class='ocrx_word' id='word_1_57' title='bbox 1626 983 1758 1040; x_wconf 69' lang='lat' dir='ltr'>Kal„</span> 
     </span>
     <span class='ocr_line' id='line_1_11' title="bbox 187 1061 1759 1124; baseline 0 -15"><span class='ocrx_word' id='word_1_58' title='bbox 187 1063 373 1123; x_wconf 87' lang='lat' dir='ltr'>quibus</span> <span class='ocrx_word' id='word_1_59' title='bbox 402 1062 500 1109; x_wconf 86' lang='lat' dir='ltr'>iam</span> <span class='ocrx_word' id='word_1_60' title='bbox 526 1069 540 1091; x_wconf 84' lang='lat'>·‘</span> <span class='ocrx_word' id='word_1_61' title='bbox 561 1063 717 1124; x_wconf 84' lang='lat' dir='ltr'>opes&#39;</span> <span class='ocrx_word' id='word_1_62' title='bbox 755 1078 907 1118; x_wconf 86' lang='lat' dir='ltr'>meas,</span> <span class='ocrx_word' id='word_1_63' title='bbox 941 1078 1056 1118; x_wconf 79' lang='lat' dir='ltr'>non,</span> <span class='ocrx_word' id='word_1_64' title='bbox 1089 1070 1142 1108; x_wconf 92' lang='lat' dir='ltr'>ut</span> <span class='ocrx_word' id='word_1_65' title='bbox 1179 1061 1525 1123; x_wconf 87' lang='lat' dir='ltr'>superioribus</span> <span class='ocrx_word' id='word_1_66' title='bbox 1564 1062 1759 1121; x_wconf 85' lang='lat' dir='ltr'>litteris,</span> 
     </span>
     <span class='ocr_line' id='line_1_12' title="bbox 189 1145 1762 1207; baseline 0 -15"><span class='ocrx_word' id='word_1_67' title='bbox 189 1147 400 1207; x_wconf 90' lang='lat' dir='ltr'>‘opem&#39;</span> <span class='ocrx_word' id='word_1_68' title='bbox 441 1154 718 1207; x_wconf 83' lang='lat' dir='ltr'>exspectat.</span> <span class='ocrx_word' id='word_1_69' title='bbox 797 1148 924 1193; x_wconf 90' lang='lat' dir='ltr'>Cum</span> <span class='ocrx_word' id='word_1_70' title='bbox 966 1145 1075 1191; x_wconf 90' lang='lat' dir='ltr'>eius</span> <span class='ocrx_word' id='word_1_71' title='bbox 1120 1145 1440 1192; x_wconf 87' lang='lat' dir='ltr'>clementiam</span> <span class='ocrx_word' id='word_1_72' title='bbox 1484 1146 1762 1193; x_wconf 87' lang='lat' dir='ltr'>Corfinien-</span> 
     </span>
     <span class='ocr_line' id='line_1_13' title="bbox 185 1228 1759 1291; baseline 0.001 -16"><span class='ocrx_word' id='word_1_73' title='bbox 185 1245 290 1276; x_wconf 91' lang='lat' dir='ltr'>sem</span> <span class='ocrx_word' id='word_1_74' title='bbox 342 1230 477 1275; x_wconf 87' lang='lat' dir='ltr'>illam</span> <span class='ocrx_word' id='word_1_75' title='bbox 529 1245 618 1291; x_wconf 87' lang='lat' dir='ltr'>per</span> <span class='ocrx_word' id='word_1_76' title='bbox 658 1229 849 1275; x_wconf 87' lang='lat' dir='ltr'>litteras</span> <span class='ocrx_word' id='word_1_77' title='bbox 888 1228 1326 1285; x_wconf 84' lang='lat' dir='ltr'>collaudavissem,</span> <span class='ocrx_word' id='word_1_78' title='bbox 1364 1228 1624 1290; x_wconf 87' lang='lat' dir='ltr'>rescripsit</span> <span class='ocrx_word' id='word_1_79' title='bbox 1663 1230 1759 1276; x_wconf 93' lang='lat' dir='ltr'>hoc</span> 
     </span>
    </p>
   </div>
   <div class='ocr_carea' id='block_1_6' title="bbox 184 1316 448 1377">
    <p class='ocr_par' dir='ltr' id='par_1_6' title="bbox 184 1316 448 1377">
     <span class='ocr_line' id='line_1_14' title="bbox 184 1316 448 1377; baseline 0.008 -15"><span class='ocrx_word' id='word_1_80' title='bbox 184 1316 415 1377; x_wconf 87' lang='lat' dir='ltr'>exemplo</span> <span class='ocrx_word' id='word_1_81' title='bbox 440 1335 448 1364; x_wconf 93' lang='lat'>:</span> 
     </span>
    </p>
   </div>
   <div class='ocr_carea' id='block_1_7' title="bbox 276 1531 1659 1574">
    <p class='ocr_par' dir='ltr' id='par_1_7' title="bbox 276 1531 1659 1574">
     <span class='ocr_line' id='line_1_15' title="bbox 276 1531 1659 1574; baseline 0.001 -1"><span class='ocrx_word' id='word_1_82' title='bbox 276 1532 539 1573; x_wconf 80' lang='lat' dir='ltr'><strong>CAESAR</strong></span> <span class='ocrx_word' id='word_1_83' title='bbox 591 1532 726 1573; x_wconf 86' lang='lat' dir='ltr'>IMP.</span> <span class='ocrx_word' id='word_1_84' title='bbox 777 1531 1104 1573; x_wconf 88' lang='lat' dir='ltr'><strong>CICERONI</strong></span> <span class='ocrx_word' id='word_1_85' title='bbox 1159 1531 1293 1572; x_wconf 84' lang='lat' dir='ltr'>IMP.</span> <span class='ocrx_word' id='word_1_86' title='bbox 1346 1531 1487 1573; x_wconf 80' lang='lat' dir='ltr'>SAL..</span> <span class='ocrx_word' id='word_1_87' title='bbox 1531 1532 1659 1574; x_wconf 90' lang='lat' dir='ltr'>DIC.</span> 
     </span>
    </p>
   </div>
   <div class='ocr_carea' id='block_1_8' title="bbox 177 1664 1803 2560">
    <p class='ocr_par' dir='ltr' id='par_1_8' title="bbox 177 1664 1803 2560">
     <span class='ocr_line' id='line_1_16' title="bbox 254 1664 1755 1727; baseline 0 -15"><span class='ocrx_word' id='word_1_88' title='bbox 254 1667 411 1713; x_wconf 87' lang='lat' dir='ltr'>Recte</span> <span class='ocrx_word' id='word_1_89' title='bbox 450 1665 712 1727; x_wconf 83' lang='lat' dir='ltr'>auguraris</span> <span class='ocrx_word' id='word_1_90' title='bbox 748 1665 811 1712; x_wconf 91' lang='lat' dir='ltr'>de</span> <span class='ocrx_word' id='word_1_91' title='bbox 848 1666 1161 1712; x_wconf 89' lang='lat' dir='ltr'>me—bene</span> <span class='ocrx_word' id='word_1_92' title='bbox 1203 1664 1336 1710; x_wconf 94' lang='lat' dir='ltr'>enim</span> <span class='ocrx_word' id='word_1_93' title='bbox 1378 1664 1469 1711; x_wconf 91' lang='lat' dir='ltr'>tibi</span> <span class='ocrx_word' id='word_1_94' title='bbox 1520 1665 1755 1727; x_wconf 84' lang='lat' dir='ltr'>cognitus</span> 
     </span>
     <span class='ocr_line' id='line_1_17' title="bbox 181 1747 1755 1810; baseline 0.001 -15"><span class='ocrx_word' id='word_1_95' title='bbox 181 1749 515 1795; x_wconf 84' lang='lat' dir='ltr'>sum—nihil</span> <span class='ocrx_word' id='word_1_96' title='bbox 559 1765 587 1794; x_wconf 93' lang='lat' dir='ltr'>a</span> <span class='ocrx_word' id='word_1_97' title='bbox 626 1765 705 1796; x_wconf 92' lang='lat' dir='ltr'>me</span> <span class='ocrx_word' id='word_1_98' title='bbox 748 1749 929 1795; x_wconf 88' lang='lat' dir='ltr'>abesse</span> <span class='ocrx_word' id='word_1_99' title='bbox 977 1747 1177 1809; x_wconf 83' lang='lat' dir='ltr'>longius</span> <span class='ocrx_word' id='word_1_100' title='bbox 1224 1747 1556 1806; x_wconf 80' lang='lat' dir='ltr'>crudelitate3</span> <span class='ocrx_word' id='word_1_101' title='bbox 1603 1758 1755 1810; x_wconf 89' lang='lat' dir='ltr'>atque</span> 
     </span>
     <span class='ocr_line' id='line_1_18' title="bbox 179 1830 1803 1894; baseline 0 -15"><span class='ocrx_word' id='word_1_102' title='bbox 179 1848 273 1894; x_wconf 85' lang='lat' dir='ltr'>ego</span> <span class='ocrx_word' id='word_1_103' title='bbox 310 1848 423 1879; x_wconf 89' lang='lat' dir='ltr'>cum</span> <span class='ocrx_word' id='word_1_104' title='bbox 467 1848 527 1878; x_wconf 87' lang='lat' dir='ltr'>ex</span> <span class='ocrx_word' id='word_1_105' title='bbox 569 1832 680 1893; x_wconf 89' lang='lat' dir='ltr'>ipsa</span> <span class='ocrx_word' id='word_1_106' title='bbox 722 1847 773 1878; x_wconf 90' lang='lat' dir='ltr'>re</span> <span class='ocrx_word' id='word_1_107' title='bbox 817 1847 1053 1893; x_wconf 83' lang='lat' dir='ltr'>magnam</span> <span class='ocrx_word' id='word_1_108' title='bbox 1096 1830 1242 1892; x_wconf 84' lang='lat' dir='ltr'>capio</span> <span class='ocrx_word' id='word_1_109' title='bbox 1286 1831 1612 1892; x_wconf 84' lang='lat' dir='ltr'>voluptatem,</span> <span class='ocrx_word' id='word_1_110' title='bbox 1649 1840 1753 1879; x_wconf 87' lang='lat' dir='ltr'>tum</span> <span class='ocrx_word' id='word_1_111' title='bbox 1802 1842 1803 1845; x_wconf 77' lang='grc'>’</span> 
     </span>
     <span class='ocr_line' id='line_1_19' title="bbox 180 1914 1754 1977; baseline 0.001 -16"><span class='ocrx_word' id='word_1_112' title='bbox 180 1932 344 1962; x_wconf 89' lang='lat' dir='ltr'>meum</span> <span class='ocrx_word' id='word_1_113' title='bbox 372 1916 563 1962; x_wconf 77' lang='lat' dir='ltr'>factum</span> <span class='ocrx_word' id='word_1_114' title='bbox 592 1915 795 1977; x_wconf 87' lang='lat' dir='ltr'>probari</span> <span class='ocrx_word' id='word_1_115' title='bbox 823 1915 914 1961; x_wconf 90' lang='lat' dir='ltr'>abs</span> <span class='ocrx_word' id='word_1_116' title='bbox 943 1923 991 1961; x_wconf 91' lang='lat' dir='ltr'>te</span> <span class='ocrx_word' id='word_1_117' title='bbox 1014 1914 1268 1975; x_wconf 87' lang='lat' dir='ltr'>triumpho</span> <span class='ocrx_word' id='word_1_118' title='bbox 1291 1915 1492 1975; x_wconf 82' lang='lat' dir='ltr'>gaudio.</span> <span class='ocrx_word' id='word_1_119' title='bbox 1573 1917 1754 1977; x_wconf 84' lang='lat' dir='ltr'>Neque</span> 
     </span>
     <span class='ocr_line' id='line_1_20' title="bbox 178 1998 1753 2060; baseline 0.001 -15"><span class='ocrx_word' id='word_1_120' title='bbox 178 2000 301 2046; x_wconf 91' lang='lat' dir='ltr'>illud</span> <span class='ocrx_word' id='word_1_121' title='bbox 330 2016 407 2045; x_wconf 93' lang='lat' dir='ltr'>me</span> <span class='ocrx_word' id='word_1_122' title='bbox 436 2007 618 2057; x_wconf 82' lang='lat' dir='ltr'>movet,</span> <span class='ocrx_word' id='word_1_123' title='bbox 649 1999 786 2060; x_wconf 84' lang='lat' dir='ltr'>quod</span> <span class='ocrx_word' id='word_1_124' title='bbox 816 1998 847 2044; x_wconf 90' lang='lat' dir='ltr'>ii</span> <span class='ocrx_word' id='word_1_125' title='bbox 888 1999 973 2059; x_wconf 86' lang='lat' dir='ltr'>qui</span> <span class='ocrx_word' id='word_1_126' title='bbox 1002 2014 1028 2044; x_wconf 94' lang='lat' dir='ltr'>a</span> <span class='ocrx_word' id='word_1_127' title='bbox 1069 2014 1146 2044; x_wconf 89' lang='lat' dir='ltr'>me</span> <span class='ocrx_word' id='word_1_128' title='bbox 1187 1998 1384 2045; x_wconf 87' lang='lat' dir='ltr'>dimissi</span> <span class='ocrx_word' id='word_1_129' title='bbox 1416 2007 1532 2045; x_wconf 88' lang='lat' dir='ltr'>sunt</span> <span class='ocrx_word' id='word_1_130' title='bbox 1569 1999 1753 2046; x_wconf 87' lang='lat' dir='ltr'>disces-</span> 
     </span>
     <span class='ocr_line' id='line_1_21' title="bbox 179 2082 1753 2139; baseline -0.001 -10"><span class='ocrx_word' id='word_1_131' title='bbox 179 2083 306 2129; x_wconf 87' lang='lat' dir='ltr'>sisse</span> <span class='ocrx_word' id='word_1_132' title='bbox 347 2083 586 2129; x_wconf 87' lang='lat' dir='ltr'>dicuntur</span> <span class='ocrx_word' id='word_1_133' title='bbox 628 2091 681 2129; x_wconf 91' lang='lat' dir='ltr'>ut</span> <span class='ocrx_word' id='word_1_134' title='bbox 717 2082 837 2127; x_wconf 86' lang='lat' dir='ltr'>mihi</span> <span class='ocrx_word' id='word_1_135' title='bbox 874 2098 1047 2128; x_wconf 89' lang='lat' dir='ltr'>rursus</span> <span class='ocrx_word' id='word_1_136' title='bbox 1084 2082 1269 2128; x_wconf 91' lang='lat' dir='ltr'>bellum</span> <span class='ocrx_word' id='word_1_137' title='bbox 1317 2082 1587 2139; x_wconf 85' lang='lat' dir='ltr'>inferrent;</span> <span class='ocrx_word' id='word_1_138' title='bbox 1630 2083 1753 2128; x_wconf 90' lang='lat' dir='ltr'>nihil</span> 
     </span>
     <span class='ocr_line' id='line_1_22' title="bbox 178 2165 1751 2227; baseline -0.001 -15"><span class='ocrx_word' id='word_1_139' title='bbox 178 2166 311 2212; x_wconf 90' lang='lat' dir='ltr'>enim</span> <span class='ocrx_word' id='word_1_140' title='bbox 340 2166 473 2212; x_wconf 92' lang='lat' dir='ltr'>malo</span> <span class='ocrx_word' id='word_1_141' title='bbox 511 2182 662 2227; x_wconf 87' lang='lat' dir='ltr'>quam</span> <span class='ocrx_word' id='word_1_142' title='bbox 699 2174 748 2212; x_wconf 90' lang='lat' dir='ltr'>et</span> <span class='ocrx_word' id='word_1_143' title='bbox 785 2182 862 2212; x_wconf 91' lang='lat' dir='ltr'>me</span> <span class='ocrx_word' id='word_1_144' title='bbox 898 2166 995 2211; x_wconf 87' lang='lat' dir='ltr'>mei</span> <span class='ocrx_word' id='word_1_145' title='bbox 1027 2165 1239 2212; x_wconf 90' lang='lat' dir='ltr'>similem</span> <span class='ocrx_word' id='word_1_146' title='bbox 1278 2182 1390 2212; x_wconf 90' lang='lat' dir='ltr'>esse</span> <span class='ocrx_word' id='word_1_147' title='bbox 1428 2174 1476 2211; x_wconf 87' lang='lat' dir='ltr'>et</span> <span class='ocrx_word' id='word_1_148' title='bbox 1514 2165 1625 2211; x_wconf 88' lang='lat' dir='ltr'>illos</span> <span class='ocrx_word' id='word_1_149' title='bbox 1661 2167 1751 2212; x_wconf 91' lang='lat' dir='ltr'>sui.</span> 
     </span>
     <span class='ocr_line' id='line_1_23' title="bbox 177 2249 1753 2310; baseline -0.001 -15"><span class='ocrx_word' id='word_1_150' title='bbox 177 2251 253 2295; x_wconf 87' lang='lat' dir='ltr'>Tu</span> <span class='ocrx_word' id='word_1_151' title='bbox 292 2250 442 2297; x_wconf 88' lang='lat' dir='ltr'>velim</span> <span class='ocrx_word' id='word_1_152' title='bbox 480 2249 601 2295; x_wconf 88' lang='lat' dir='ltr'>mihi</span> <span class='ocrx_word' id='word_1_153' title='bbox 639 2249 703 2295; x_wconf 90' lang='lat' dir='ltr'>ad</span> <span class='ocrx_word' id='word_1_154' title='bbox 736 2250 909 2296; x_wconf 87' lang='lat' dir='ltr'>urbem</span> <span class='ocrx_word' id='word_1_155' title='bbox 948 2258 1151 2310; x_wconf 86' lang='lat' dir='ltr'>praesto</span> <span class='ocrx_word' id='word_1_156' title='bbox 1188 2249 1270 2307; x_wconf 85' lang='lat' dir='ltr'>sis,</span> <span class='ocrx_word' id='word_1_157' title='bbox 1303 2257 1355 2295; x_wconf 92' lang='lat' dir='ltr'>ut</span> <span class='ocrx_word' id='word_1_158' title='bbox 1390 2249 1489 2295; x_wconf 88' lang='lat' dir='ltr'>tuis</span> <span class='ocrx_word' id='word_1_159' title='bbox 1526 2249 1753 2296; x_wconf 87' lang='lat' dir='ltr'>consiliis</span> 
     </span>
     <span class='ocr_line' id='line_1_24' title="bbox 177 2332 1748 2394; baseline -0.001 -15"><span class='ocrx_word' id='word_1_160' title='bbox 177 2341 329 2394; x_wconf 84' lang='lat' dir='ltr'>atque</span> <span class='ocrx_word' id='word_1_161' title='bbox 381 2333 580 2394; x_wconf 82' lang='lat' dir='ltr'>opibus,</span> <span class='ocrx_word' id='word_1_162' title='bbox 630 2341 683 2379; x_wconf 91' lang='lat' dir='ltr'>ut</span> <span class='ocrx_word' id='word_1_163' title='bbox 732 2332 989 2389; x_wconf 85' lang='lat' dir='ltr'>consuevi,</span> <span class='ocrx_word' id='word_1_164' title='bbox 1032 2332 1082 2378; x_wconf 89' lang='lat' dir='ltr'>in</span> <span class='ocrx_word' id='word_1_165' title='bbox 1133 2333 1370 2379; x_wconf 89' lang='lat' dir='ltr'>omnibus</span> <span class='ocrx_word' id='word_1_166' title='bbox 1422 2333 1572 2379; x_wconf 89' lang='lat' dir='ltr'>rebus</span> <span class='ocrx_word' id='word_1_167' title='bbox 1624 2341 1748 2378; x_wconf 86' lang='lat' dir='ltr'>utar.</span> 
     </span>
     <span class='ocr_line' id='line_1_25' title="bbox 181 2406 1751 2463; baseline -0.001 -1"><span class='ocrx_word' id='word_1_168' title='bbox 181 2417 447 2463; x_wconf 88' lang='lat' dir='ltr'>Dolabella</span> <span class='ocrx_word' id='word_1_169' title='bbox 475 2425 562 2463; x_wconf 88' lang='lat' dir='ltr'>tuo</span> <span class='ocrx_word' id='word_1_170' title='bbox 600 2416 889 2463; x_wconf 80' lang='lat' dir='ltr'>nihil&#39;scito</span> <span class='ocrx_word' id='word_1_171' title='bbox 927 2416 1047 2461; x_wconf 79' lang='lat' dir='ltr'>mihi</span> <span class='ocrx_word' id='word_1_172' title='bbox 1085 2432 1196 2462; x_wconf 89' lang='lat' dir='ltr'>esse</span> <span class='ocrx_word' id='word_1_173' title='bbox 1233 2406 1519 2462; x_wconf 88' lang='lat' dir='ltr'>iucundius.</span> <span class='ocrx_word' id='word_1_174' title='bbox 1600 2417 1751 2461; x_wconf 88' lang='lat' dir='ltr'>Hanc</span> 
     </span>
     <span class='ocr_line' id='line_1_26' title="bbox 178 2499 1750 2560; baseline -0.001 -14"><span class='ocrx_word' id='word_1_175' title='bbox 178 2501 306 2546; x_wconf 87' lang='lat' dir='ltr'>adeo</span> <span class='ocrx_word' id='word_1_176' title='bbox 357 2500 558 2546; x_wconf 87' lang='lat' dir='ltr'>habebo</span> <span class='ocrx_word' id='word_1_177' title='bbox 608 2499 821 2560; x_wconf 81' lang='lat' dir='ltr'>gratiam</span> <span class='ocrx_word' id='word_1_178' title='bbox 865 2499 958 2555; x_wconf 82' lang='lat' dir='ltr'>illi;</span> <span class='ocrx_word' id='word_1_179' title='bbox 1002 2515 1169 2560; x_wconf 85' lang='lat' dir='ltr'>neque</span> <span class='ocrx_word' id='word_1_180' title='bbox 1215 2499 1347 2546; x_wconf 90' lang='lat' dir='ltr'>enim</span> <span class='ocrx_word' id='word_1_181' title='bbox 1396 2500 1539 2545; x_wconf 85' lang='lat' dir='ltr'>aliter</span> <span class='ocrx_word' id='word_1_182' title='bbox 1582 2499 1750 2545; x_wconf 85' lang='lat' dir='ltr'>facere</span> 
     </span>
    </p>
   </div>
   <div class='ocr_carea' id='block_1_9' title="bbox 96 2581 1749 2644">
    <p class='ocr_par' dir='ltr' id='par_1_9' title="bbox 96 2581 1749 2644">
     <span class='ocr_line' id='line_1_27' title="bbox 96 2581 1749 2644; baseline -0.002 -14"><span class='ocrx_word' id='word_1_183' title='bbox 96 2595 145 2621; x_wconf 79' lang='lat'>20</span> <span class='ocrx_word' id='word_1_184' title='bbox 176 2583 374 2644; x_wconf 84' lang='lat' dir='ltr'>poterit,</span> <span class='ocrx_word' id='word_1_185' title='bbox 406 2591 550 2629; x_wconf 84' lang='lat' dir='ltr'>tanta</span> <span class='ocrx_word' id='word_1_186' title='bbox 586 2582 693 2629; x_wconf 89' lang='lat' dir='ltr'>eius</span> <span class='ocrx_word' id='word_1_187' title='bbox 732 2581 1038 2639; x_wconf 83' lang='lat' dir='ltr'>humanitas,</span> <span class='ocrx_word' id='word_1_188' title='bbox 1071 2582 1110 2627; x_wconf 90' lang='lat' dir='ltr'>is</span> <span class='ocrx_word' id='word_1_189' title='bbox 1149 2598 1346 2639; x_wconf 87' lang='lat' dir='ltr'>sensus,</span> <span class='ocrx_word' id='word_1_190' title='bbox 1376 2598 1435 2628; x_wconf 90' lang='lat' dir='ltr'>ea</span> <span class='ocrx_word' id='word_1_191' title='bbox 1471 2582 1520 2627; x_wconf 90' lang='lat' dir='ltr'>in</span> <span class='ocrx_word' id='word_1_192' title='bbox 1559 2597 1636 2627; x_wconf 87' lang='lat' dir='ltr'>me</span> <span class='ocrx_word' id='word_1_193' title='bbox 1672 2591 1749 2628; x_wconf 87' lang='lat' dir='ltr'>est</span> 
     </span>
    </p>
   </div>
   <div class='ocr_carea' id='block_1_10' title="bbox 176 2666 547 2713">
    <p class='ocr_par' dir='ltr' id='par_1_10' title="bbox 176 2666 547 2713">
     <span class='ocr_line' id='line_1_28' title="bbox 176 2666 547 2713; baseline -0.003 -1"><span class='ocrx_word' id='word_1_194' title='bbox 176 2666 547 2713; x_wconf 87' lang='lat' dir='ltr'>benevolentia.</span> 
     </span>
    </p>
   </div>
  </div>
 </body>
</html>
