1877 3021
164 159 215 197 22
504 158 686 194 FIFTY
731 157 1004 194 LETTERS
1048 156 1125 193 oF
1167 156 1395 193 CICERO

704 336 804 380 40.
868 338 981 389 (Att.
1014 338 1096 377 111.
1128 336 1191 390 4.)

390 465 461 517 (In
483 465 646 511 itinere,
669 476 815 503 mense
838 463 990 514 Aprili,
1014 473 1145 501 A.U.C.
1168 462 1261 514 696.
1321 473 1401 502 B.C.
1427 463 1507 516 58.)

583 589 830 631 CICERO
879 588 1130 631 ATTICO
1180 560 1315 631 sAL.

232 712 472 760 Miseriae
519 719 721 759 nostrae
765 710 935 773 potius
975 710 1124 758 velim
1167 726 1318 772 quam
1359 710 1734 759 inconstantiae

160 796 367 855 tribuas,
406 796 543 856 quod
583 811 611 841 a
645 795 862 853 Vibone,
902 810 1002 856 quo
1038 801 1086 841 te
1126 794 1526 853 arcessebamus,
1564 794 1734 842 subito

159 879 503 926 discessimus.
580 878 768 925 Adlata
806 885 884 925 est
923 878 1057 925 enirn
1102 876 1250 924 nobis
1288 876 1483 939 rogatio
1522 877 1584 925 de
1629 894 1734 939 per·
1784 913 1787 915 .

160 962 290 1010 nicie
335 978 461 1021 mea,
504 962 554 1008 in
594 978 695 1024 qua
739 962 878 1023 quod
923 969 1206 1008 correctum
1251 976 1364 1008 esse
1409 960 1733 1009 audieramus

105 1058 125 1101 5
158 1054 265 1093 erat
293 1046 401 1093 eius
427 1045 565 1093 modi
598 1053 652 1092 ut
684 1044 808 1091 mihi
836 1045 966 1092 ultra
993 1044 1368 1106 quadringenta
1395 1043 1533 1090 milia
1559 1045 1734 1093 liceret

157 1146 284 1178 esse.
378 1129 473 1177 Illo
528 1145 642 1176 cum
698 1129 962 1190 pervenire
1018 1144 1120 1175 non
1176 1128 1362 1187 liceret,
1415 1128 1584 1175 statim
1640 1129 1734 1175 iter

160 1213 485 1261 Brundisium
530 1229 705 1261 versus
750 1212 943 1260 contuli
988 1220 1105 1259 ante
1152 1211 1285 1259 diem
1329 1211 1620 1274 rogationis,
1669 1229 1732 1260 ne

157 1305 207 1345 et
252 1298 412 1355 Sicca,
455 1297 591 1358 apud
630 1313 781 1358 quern
824 1312 974 1354 eram,
1018 1295 1203 1357 periret
1246 1304 1296 1342 et
1341 1296 1480 1357 quod
1520 1295 1730 1343 Melitae

157 1397 269 1428 esse
291 1397 393 1428 non
416 1381 615 1428 licebat.
694 1382 845 1427 Nunc
871 1388 926 1427 tu
952 1395 1182 1441 propera,
1206 1387 1259 1426 ut
1280 1395 1373 1426 nos
1396 1389 1726 1441 consequare,

77 1478 123 1505 10
155 1465 197 1512 si
238 1466 389 1512 modo
433 1464 748 1526 recipiemur.
824 1463 1009 1510 Adhuc
1048 1462 1320 1527 invitamur
1362 1462 1598 1525 benigne,
1639 1464 1730 1511 sed

155 1549 293 1610 quod
321 1556 553 1610 superest
579 1548 829 1595 timemus.
909 1548 1010 1605 Me,
1041 1546 1108 1592 mi
1138 1547 1402 1608 Pomponi,
1432 1528 1580 1594 {salde
1616 1563 1729 1608 pae-

155 1632 283 1679 nitet
308 1632 491 1690 vivere,
524 1647 624 1693 qua
659 1631 710 1677 in
746 1647 797 1678 re
835 1631 970 1692 apud
1007 1646 1086 1678 me
1121 1637 1175 1677 tu
1212 1629 1480 1698 plurimum
1508 1630 1727 1678 valuisti.

158 1716 258 1763 Sed
295 1715 423 1763 haec
462 1731 648 1763 coram.
725 1716 827 1761 Fac
865 1714 1018 1761 modo
1058 1721 1112 1761 ut
1149 1713 1339 1761 venias.

705 1893 806 1937 41.
870 1894 983 1947 (Att.
1008 1896 1088 1934 111.
1114 1894 1174 1945 5.)

295 2021 502 2074 (Thuriis,
525 2034 562 2059 a.
586 2021 627 2059 d.
651 2030 752 2058 vm.
778 2019 884 2059 Idus
908 2020 1082 2070 Aprilis,
1105 2029 1237 2058 A.U.C.
1261 2017 1353 2071 696.
1415 2030 1495 2058 Bc
1521 2019 1604 2071 58.)

571 2146 820 2188 CICERO
868 2145 1121 2187 ATTICO
1172 2145 1307 2187 SAL.

220 2267 462 2316 Terentia
502 2267 595 2315 tibi
627 2275 676 2315 et
717 2283 871 2329 saepe
913 2275 964 2314 et
1001 2266 1246 2314 maximas
1282 2267 1384 2329 agit
1414 2266 1632 2328 gratia53
1674 2266 1725 2314 id

71 2367 118 2410 15
150 2359 228 2398 est
254 2351 376 2397 mihi
401 2350 760 2413 gratissimum.
839 2353 946 2413 Ego
967 2351 1081 2398 vivo
1103 2350 1413 2397 miserrimus
1435 2358 1485 2397 et
1505 2350 1724 2397 maximo

150 2434 323 2481 dolore
351 2434 604 2482 confici-or.
669 2435 750 2481 Ad
779 2441 827 2481 te
850 2434 971 2495 quid
1000 2433 1233 2491 scribam,
1261 2433 1449 2480 nescio.
1516 2433 1567 2480 Si
1589 2433 1724 2480 enim

150 2534 204 2566 es
243 2520 454 2577 Romae,
485 2517 584 2564 iarn
620 2534 698 2565 me
735 2517 950 2579 adsequi
985 2534 1089 2564 non
1122 2525 1291 2579 potes;
1334 2516 1412 2563 sin
1450 2532 1504 2564 es
1539 2516 1589 2562 in
1626 2516 1721 2575 via,

149 2617 264 2648 cum
309 2601 408 2650 eris
452 2617 532 2648 me
584 2602 872 2659 adsecutus,
920 2617 1090 2648 coram
1136 2616 1344 2663 agemus
1396 2615 1524 2661 quae
1577 2607 1724 2647 erunt

151 2685 364 2747 agenda.
422 2686 647 2731 Tantum
673 2692 722 2731 te
750 2700 838 2731 oro
866 2692 934 2742 ut,
960 2683 1199 2745 quoniam
1228 2699 1306 2730 me
1327 2682 1495 2744 ipsum
1523 2698 1723 2744 semper
