1877 3021
178 197 203 235 4
519 196 703 233 FIFTY
748 196 1020 234 LETTERS
1064 196 1142 234 OF
1183 197 1412 235 CICERO

180 335 274 394 sit;
316 336 434 383 item
470 343 638 383 cetera
674 352 805 397 quae
842 343 959 383 sunt
994 337 1058 383 ad
1093 320 1284 383 {fictum
1321 343 1370 383 et
1413 336 1478 383 ad
1512 336 1749 384 valetudi-

180 435 295 465 nem
337 418 639 467 necessaria.
716 419 859 466 Vale.
938 421 1002 466 K.
1046 420 1160 467 Oct.
1203 420 1265 466 de
1308 420 1588 467 Venusino.

703 597 761 641 9.
825 598 968 651 (Fam.
992 600 1112 640 XIV.
1141 599 1233 650 17.)¹

314 734 317 736 “
387 724 678 766 TULLIUS
728 724 1128 765 TERENTIAE
1177 724 1353 766 SUAE
1403 726 1448 767 S.
1490 726 1547 766 D.

251 847 299 893 S.
322 862 366 892 v.
391 846 437 892 b.
463 861 504 892 e.
531 862 574 892 v.
655 844 707 892 Si
734 844 857 906 quid
879 845 1119 892 haberem
1143 845 1281 906 quod
1303 845 1367 892 ad
1390 853 1438 893 te
1461 845 1750 905 scriberem,

179 929 399 976 facerem
429 928 480 976 id
508 936 558 976 et
583 929 816 990 pluribus
851 928 1020 975 verbis
1049 936 1098 976 et
1134 928 1355 990 saepius.
1433 931 1586 976 Nunc
1623 946 1752 991 quae

127 1023 147 1064 5
181 1012 282 1059 sint
308 1012 512 1075 negotia
539 1013 698 1060 vides.
776 1014 882 1075 Ego
910 1020 1078 1059 autem
1107 1029 1208 1074 quo
1231 1013 1382 1060 modo
1404 1012 1498 1060 sim
1521 1014 1753 1061 adfectus

179 1112 240 1143 ex
268 1098 430 1158 Lepta
469 1104 519 1143 et
558 1096 801 1143 Trebatio
839 1096 1032 1158 poteris
1071 1112 1396 1159 cognoscere.
1471 1098 1552 1143 Tu
1579 1097 1660 1144 fac
1701 1104 1754 1144 ut

179 1187 318 1226 tuam
347 1188 397 1227 et
436 1180 634 1227 Tulliae
675 1180 1019 1227 valetudinem
1061 1196 1220 1227 cures.
1298 1180 1439 1227 Vale.

683 1358 777 1402 10.
841 1361 983 1410 (Fam.
1007 1362 1124 1401 XIV.
1157 1362 1240 1410 10.)

384 1486 676 1528 TULLIUS
728 1487 774 1528 S.
816 1486 874 1526 D.
924 1485 1325 1526 TERENTIAE
1375 1485 1564 1527 SUAE.

250 1608 389 1668 Quid
428 1608 537 1655 fieri
578 1608 818 1670 placeret,
865 1606 1046 1668 scripsi
1093 1606 1157 1653 ad
1204 1606 1541 1668 Pomponium
1593 1607 1753 1654 serius

181 1708 332 1754 quam
368 1691 620 1754 oportuit3
661 1707 774 1739 cum
813 1706 873 1738 eo
901 1690 943 1737 si
980 1690 1150 1738 locuta
1185 1690 1298 1750 eris,
1329 1690 1594 1753 intelleges
1631 1690 1753 1752 quid

102 1791 148 1818 10
180 1775 286 1822 fieri
324 1775 489 1823 velim.
568 1775 809 1837 Apertius
853 1774 1020 1832 scribi,
1063 1773 1304 1836 quoniam
1344 1775 1409 1821 ad
1457 1773 1593 1820 illum
1640 1774 1756 1821 scri—

179 1875 395 1921 pseram,
417 1875 629 1906 necesse
658 1875 757 1906 non
787 1858 897 1905 fuit.
954 1860 1031 1905 De
1059 1874 1119 1905 ea
1145 1874 1197 1905 re
1226 1866 1275 1906 et
1302 1858 1364 1905 de
1391 1858 1574 1905 ceteris
1602 1858 1755 1905 rebus

181 1958 333 2004 quam
355 1942 568 2004 primum
592 1943 742 1989 velim
765 1941 913 1989 nobis
934 1941 1127 1989 litteras
1150 1942 1335 1988 mittas.
1392 1941 1753 1989 Valetudinem

180 2035 320 2073 tuam
348 2042 468 2073 cura
495 2025 779 2088 diligenter.
855 2025 996 2072 Vale.
1073 2040 1163 2072 vn.
1197 2026 1322 2072 Idus
1351 2024 1641 2084 Quinctilis.

703 2210 798 2254 11.
862 2213 1003 2264 (Fam.
1028 2213 1147 2252 XVI.
1173 2212 1234 2262 2.)

494 2338 786 2380 TULLIUS
835 2329 1076 2378 TIRONI
1128 2337 1257 2379 SUO
1307 2336 1441 2379 SAL.

253 2463 370 2508 Non
413 2476 544 2522 queo
581 2460 645 2506 ad
679 2467 728 2506 te
765 2474 861 2505 nec
897 2458 1021 2505 libet
1060 2458 1280 2505 scribere
1318 2474 1418 2519 quo
1455 2458 1622 2505 animo
1659 2457 1753 2505 sim

103 2562 150 2604 15
183 2545 416 2592 adfectus
441 2564 450 2602 ς
492 2551 688 2590 tantum
711 2541 880 2589 scribo
901 2549 950 2589 et
977 2541 1069 2588 tibi
1091 2549 1140 2588 et
1163 2541 1284 2587 mihi
1313 2541 1561 2588 maximae
1583 2541 1756 2605 volup—

182 2628 273 2675 tati
312 2629 433 2685 fore,
464 2627 505 2674 si
544 2635 593 2673 te
634 2628 831 2673 firmum
871 2642 1021 2689 quam
1061 2626 1278 2688 primum
1313 2626 1503 2673 videro.
1579 2625 1755 2673 Tertio

183 2712 264 2759 die
316 2712 406 2758 abs
456 2718 506 2757 te
546 2711 610 2757 ad
663 2710 891 2773 Alyziam
933 2725 1328 2757 accesseramus.
1407 2711 1459 2755 Is
1497 2709 1639 2756 locus
1679 2715 1756 2754 est
