1877 3021
483 155 664 192 FIFTY
710 155 982 192 LETTERS
1026 155 1103 192 OF
1145 156 1373 193 CICERO
1664 157 1714 195 23

144 294 338 359 amasti,
393 302 446 342 ut
495 295 674 342 eodem
726 310 895 341 amore
935 294 1035 351 sis;
1089 310 1183 356 ego
1225 294 1359 341 enim
1411 295 1544 342 idem
1587 312 1712 343 sum.

143 377 343 425 Inimici
393 377 491 424 mei
542 394 655 424 mea
704 377 840 436 mihi,
895 393 996 424 non
1049 393 1128 424 me
1179 377 1346 439 ipsum
1398 378 1711 426 ademerunt.

143 463 278 510 Cura
318 468 371 508 ut
410 461 593 508 valeas.
672 462 806 507 Data
847 474 962 506 vni.
1009 461 1134 508 Idus
1177 461 1334 522 April.
1401 462 1620 510 Thuriis.

672 652 772 696 42.
835 654 950 706 (Ast.
975 656 1057 694 111.
1082 654 1172 706 22.)

196 780 375 833 (Partim
397 780 744 824 Thessalonicae,
770 779 926 830 partim
961 779 1212 832 Dyrrhachi,
1235 793 1270 818 a.
1290 780 1329 819 d.
1352 790 1413 818 VI.
1439 781 1658 820 Kalendas

535 849 800 895 Decembris,
824 859 955 888 A.U.C.
979 849 1071 901 696.
1133 860 1214 888 Bc.
1241 849 1321 902 58.)

554 974 805 1016 CICERO
854 974 1107 1016 ATTICO
1159 974 1298 1017 SAL

208 1096 315 1144 Etsi
343 1096 611 1158 diligenter
638 1097 703 1143 ad
736 1111 815 1142 me
845 1096 907 1155 Q.
943 1096 1097 1143 frater
1132 1104 1182 1143 et
1220 1096 1337 1144 Piso
1373 1113 1504 1158 quae
1539 1107 1711 1145 essent

137 1188 250 1228 aeta
288 1180 612 1241 scripserant,
654 1187 827 1226 tamen
867 1178 1050 1226 vellem
1086 1187 1172 1226 tua
1210 1187 1260 1227 te
1298 1181 1569 1242 occupatio
1609 1198 1711 1228 non
1774 1195 1793 1235 5

134 1263 433 1325 impedisset
469 1279 569 1324 quo
609 1262 791 1321 minus⁷
829 1269 884 1309 ut
922 1262 1196 1322 consuesti,
1227 1264 1291 1310 ad
1325 1280 1404 1311 me
1441 1264 1564 1325 quid
1601 1281 1711 1327 age-

133 1355 269 1394 retur
319 1355 370 1394 et
419 1346 539 1408 quid
593 1346 916 1409 intellegeres
972 1347 1328 1406 perscriberes.
1406 1348 1493 1395 Me
1544 1349 1711 1395 adhuc

134 1431 374 1479 Plancius
404 1430 706 1477 liberalitate
743 1446 834 1478 sua
868 1431 1051 1478 retinet
1077 1430 1185 1481 iam
1222 1431 1529 1493 aliquotiens
1565 1448 1711 1479 cona-

132 1523 237 1562 tum
284 1515 355 1561 ire
407 1514 455 1560 in
508 1515 727 1576 Epirum.
807 1516 935 1575 Spes
985 1514 1178 1561 homini
1229 1522 1306 1562 est
1356 1514 1557 1575 iniecta,
1611 1533 1711 1563 non

133 1599 313 1646 eadem
342 1614 472 1659 quae
509 1597 646 1655 mihi,
678 1614 828 1659 posse
865 1614 958 1645 nos
992 1615 1093 1644 una
1129 1598 1394 1657 decedere,
1425 1615 1577 1661 quam
1606 1616 1708 1646 rem
1747 1621 1794 1648 10

133 1683 230 1730 sibi
257 1698 441 1744 magno
471 1681 654 1728 honori
683 1688 854 1743 sperat
890 1682 1011 1729 fore.
1091 1682 1192 1729 Sed
1229 1682 1341 1741 iam,
1373 1699 1487 1730 cum
1525 1683 1710 1730 adven-

131 1775 238 1814 tare
279 1765 466 1813 milites
510 1765 758 1824 dicentur‚
801 1765 1095 1813 faciendum
1132 1765 1280 1813 nobis
1321 1766 1415 1813 erit
1456 1774 1510 1813 ut
1550 1768 1614 1814 ab
1652 1784 1711 1815 eo

133 1850 487 1908 discedamus;
543 1849 681 1911 quod
725 1865 839 1896 cum
881 1849 1143 1908 faciemus,
1188 1849 1253 1897 ad
1296 1856 1346 1897 te
1390 1850 1564 1897 statim
1606 1851 1712 1898 mit-

105 1941 313 1993 temus,
360 1941 414 1980 ut
455 1932 586 1980 scias
625 1933 713 1980 ubi
755 1932 928 1980 simus.

204 2017 453 2065 Lentulus
481 2033 573 2063 suo
602 2016 651 2063 in
687 2033 781 2064 nos
811 2016 992 2075 officio,
1023 2016 1160 2078 quod
1188 2024 1238 2063 et
1272 2032 1324 2064 re
1361 2024 1411 2064 et
1446 2018 1711 2078 promissis
1747 2036 1793 2078 15

133 2109 183 2149 et
209 2100 388 2148 litteris
419 2101 658 2159 declarat,
684 2117 826 2162 spem
856 2101 1004 2148 nobis
1027 2117 1128 2147 non
1158 2100 1347 2146 nullam
1375 2101 1540 2148 adfert
1568 2103 1711 2148 Pom-

134 2185 216 2247 pei
254 2185 557 2244 voluntatis3
613 2200 766 2246 saepe
807 2185 941 2232 enim
980 2193 1032 2232 tu
1075 2184 1140 2231 ad
1184 2200 1263 2231 me
1303 2184 1551 2246 scripsisti
1596 2201 1710 2232 eum

133 2276 297 2316 totum
324 2285 437 2316 esse
465 2268 516 2314 in
545 2268 679 2316 illius
708 2277 976 2331 potestate.
1056 2271 1135 2316 De
1168 2269 1379 2316 Metello
1416 2269 1619 2331 scripsit
1647 2271 1711 2316 ad

134 2368 213 2400 me
256 2354 411 2399 frater
457 2361 703 2415 quantum
750 2362 978 2416 speraret
1021 2354 1305 2415 profectum
1352 2370 1466 2401 esse
1511 2370 1602 2416 per
1644 2362 1708 2401 te.

136 2435 212 2482 Mi
241 2437 507 2500 Pomponi,
538 2454 710 2501 pugna
737 2447 790 2485 ut
816 2447 983 2486 tecum
1012 2446 1062 2486 et
1097 2455 1212 2486 cum
1242 2438 1367 2485 meis
1403 2437 1526 2484 mihi
1561 2437 1711 2486 liceat
1744 2456 1794 2482 20

133 2520 317 2581 vivere,
360 2530 410 2570 et
448 2522 613 2570 scribe
656 2523 719 2569 ad
759 2538 838 2570 me
878 2522 1062 2570 omnia.
1143 2524 1351 2570 Premor
1386 2523 1540 2580 luctu,
1584 2521 1711 2568 desi-

134 2605 276 2653 derio
305 2605 527 2653 omnium
559 2622 800 2664 meorum,
833 2605 917 2667 qui
956 2606 1080 2652 mihi
1119 2621 1215 2653 me⁴
1244 2605 1466 2653 cariores
1513 2619 1711 2666 semper

135 2689 354 2737 fuerunt.
434 2691 569 2737 Cura
609 2697 661 2736 ut
699 2690 884 2736 valeas.
