1877 3021
459 620 529 670 M.
581 619 825 669 TULLI
886 619 1314 670 CICERONIS

261 793 862 861 EPISTULAE
956 794 1513 861 SELECTAE

871 1044 893 1100 I

630 1194 681 1237 1.
745 1196 887 1248 (Fam.
911 1197 1031 1236 XIV.
1057 1196 1146 1248 21.)

304 1321 595 1363 TULLIUS
644 1321 1045 1362 TERENTIAE
1094 1321 1270 1363 SUAE
1320 1323 1365 1364 S.
1407 1322 1465 1364 D.

172 1444 220 1490 S.
256 1459 300 1490 v.
339 1443 387 1490 b.
430 1459 470 1490 e.
510 1460 554 1490 v.
633 1444 714 1490 Da
753 1459 959 1505 operam
1005 1450 1059 1490 ut
1097 1443 1443 1491 convalescas.
1521 1444 1675 1503 Quod

99 1542 228 1588 opus
273 1526 382 1585 erit,
450 1534 504 1574 ut
575 1542 655 1574 res
723 1534 1029 1588 tempusque
1093 1526 1333 1588 postulat,
1403 1527 1676 1588 provideas

101 1617 254 1670 atque
315 1610 653 1668 administres,
710 1617 759 1657 et
827 1611 891 1657 ad
956 1626 1034 1657 me
1094 1610 1157 1657 de
1222 1609 1460 1657 omnibus
1522 1610 1675 1657 rebus

100 1708 251 1754 quam
293 1693 590 1755 saepissime
629 1693 824 1740 litteras
863 1693 1048 1740 mittas.
1125 1693 1269 1741 Vale.

625 1885 681 1928 2.
746 1888 889 1939 (Fam.
914 1889 1034 1928 XIV.
1063 1888 1147 1939 19.)

304 2012 596 2054 TULLIUS
647 2012 1049 2054 TERENTIAE
1099 2013 1275 2055 SUAE
1324 2014 1372 2055 S.
1411 2014 1470 2055 D.
1529 2015 1532 2019 ’

173 2135 233 2180 In
273 2134 506 2181 maximis
545 2134 672 2181 meis
714 2134 978 2182 doloribus
1018 2135 1274 2182 excruciat
1315 2151 1395 2182 me
1435 2135 1675 2183 valetudo
1739 2151 1759 2193 5

100 2217 299 2264 Tulliae
339 2226 558 2265 nostrae.
638 2219 714 2266 De
755 2234 855 2280 qua
896 2218 1021 2265 nihil
1060 2226 1138 2265 est
1177 2219 1315 2280 quod
1347 2219 1411 2266 ad
1448 2227 1496 2266 te
1532 2220 1676 2281 plura

102 2300 348 2359 scribam3
397 2301 491 2348 tibi
533 2302 669 2348 enim
716 2318 878 2364 aeque
925 2317 1142 2364 magnae
1186 2318 1338 2350 curae
1378 2318 1494 2350 esse
1535 2311 1673 2350 certo

101 2384 222 2432 scio.
299 2384 453 2444 Quod
504 2401 583 2431 me
636 2385 846 2447 propius
895 2386 1047 2433 vultis
1098 2386 1359 2444 accedere,
1396 2386 1555 2433 ·video
1606 2386 1675 2433 ita

100 2484 213 2515 esse
251 2468 558 2516 faciendum.
639 2469 803 2516 Etiam
840 2477 957 2517 ante
992 2469 1248 2529 fecissem,
1279 2470 1372 2516 sed
1401 2486 1479 2516 me
1520 2470 1676 2517 multa

99 2551 487 2613 impediverunt,
531 2569 662 2613 quae
708 2569 770 2600 ne
817 2569 954 2600 nunc
996 2553 1203 2615 quidem
1255 2554 1494 2614 expedita
1539 2561 1671 2600 sunt.
1711 2573 1758 2600 10

102 2635 203 2681 Sed
239 2652 267 2681 a
305 2636 587 2697 Pomponio
622 2644 865 2698 exspecto
902 2637 1111 2694 litteras,
1145 2652 1273 2698 quas
1309 2637 1371 2683 ad
1410 2653 1489 2684 me
1523 2653 1673 2698 quam

100 2717 315 2779 primum
338 2719 667 2780 perferendas
689 2735 836 2766 cures
859 2719 1024 2767 velim.
1077 2721 1157 2765 Da
1179 2735 1387 2781 operam
1411 2728 1464 2766 ut
1485 2720 1671 2767 valeas.

878 2814 891 2839 1
