1877 3021
90 1055 137 1081 10

88 1931 133 1972 Ι5

87 2357 136 2383 20

169 145 221 183 32
512 146 693 183 FIFTY
739 146 1012 184 LETTERS
1055 147 1133 183 OF
1175 146 1404 183 CICERO

170 301 394 333 rumores
447 286 510 332 de
561 302 809 348 oppresso
863 285 1147 344 Dolabella,
1197 284 1322 332 satis
1373 285 1487 333 illos
1538 285 1742 348 quidem

169 377 480 428 constantes,
525 369 616 416 sed
659 370 826 417 adhuc
867 369 976 416 sine
1017 376 1237 416 auctore.
1317 419 1320 421 Α

239 454 362 511 Nos,
407 453 697 500 confectum
737 452 928 500 bellum
969 469 1083 499 cum
1123 459 1431 513 putaremus,
1469 459 1678 514 repente
1719 469 1747 499 a

170 535 366 597 Lepido
393 543 481 583 tuo
509 536 560 582 in
588 552 837 583 summam
871 535 1269 584 sollicitudinem
1307 551 1481 582 sumus
1517 535 1741 583 adducti.

170 621 351 681 Itaque
378 620 471 667 tibi
498 621 751 682 persuade
778 620 1049 666 maximam
1076 619 1146 666 rei
1182 619 1417 681 publicae
1447 634 1590 680 spem
1617 619 1667 665 in
1697 627 1747 666 te

168 711 218 750 et
246 703 295 749 in
323 703 424 750 tuis
451 705 613 766 copiis
642 720 771 751 esse.
851 704 1046 750 Firmos
1074 703 1283 750 omnino
1312 702 1566 750 exercitus
1594 703 1746 750 habe-

168 803 312 845 mus3
355 788 447 834 sed
486 795 671 845 tamen,
704 795 758 834 ut
796 788 980 844 omnia,
1011 794 1065 834 ut
1104 803 1268 849 spero,
1298 802 1540 849 prospere
1575 802 1746 848 proce-

168 871 307 930 dant,
330 872 544 918 multum
567 871 781 918 interest
807 878 857 917 te
885 870 1070 918 venire.
1150 870 1345 932 Exigua
1368 870 1502 918 enim
1525 885 1641 932 spes
1670 877 1748 916 est

168 955 238 1000 rei
267 955 503 1016 publicae
522 985 588 988 —
605 971 722 1001 nam
745 955 935 1001 nullam
959 971 1060 1001 non
1083 954 1206 1001 libet
1229 954 1398 1001 dicere
1422 973 1431 1012 3
1467 954 1572 1012 sed,
1598 969 1746 1015 quae-

168 1053 388 1100 cumque
416 1046 508 1096 est,
532 1054 592 1085 ea
614 1038 967 1100 despondetur
989 1054 1123 1084 anno
1144 1038 1440 1085 consulatus
1467 1037 1553 1085 tui.
1601 1037 1744 1083 Vale.

691 1210 791 1254 50.
854 1213 997 1264 (Fam.
1022 1213 1102 1252 XI.
1127 1215 1216 1263 25.)

209 1339 406 1389 (Romae,
429 1351 465 1376 a.
488 1337 527 1375 d.
552 1348 675 1375 XIIII.
701 1337 923 1376 Kalendas
949 1337 1194 1386 Quinctilis,
1218 1346 1349 1375 A.II.C.
1374 1347 1464 1385 7II.
1514 1346 1594 1373 Rc.
1618 1336 1702 1387 43.)

488 1464 552 1503 M.
602 1462 852 1504 CICERO
898 1464 945 1504 S.
986 1463 1045 1503 D.
1088 1463 1146 1503 D.
1198 1462 1442 1503 BRUTO.

238 1585 569 1648 Exspectanti
604 1584 726 1630 mihi
765 1592 878 1632 tuas
915 1584 1101 1631 cotidie
1133 1583 1327 1631 litteras
1365 1584 1540 1644 Lupus
1571 1590 1745 1629 noster

168 1669 336 1716 subito
365 1668 686 1715 denuntiavit
720 1677 775 1715 ut
808 1668 873 1714 ad
906 1676 954 1715 te
991 1668 1279 1723 scriberem,
1311 1666 1352 1713 si
1388 1666 1511 1728 quid
1545 1666 1740 1713 vellem.

169 1755 276 1815 Ego
313 1760 496 1811 autem,
528 1751 624 1799 etsi
663 1752 786 1814 quid
825 1752 1097 1800 scriberem
1138 1767 1241 1798 non
1277 1751 1744 1797 habebam—acta

166 1836 300 1883 enim
341 1837 403 1883 ad
445 1844 495 1884 te
540 1836 671 1883 mitti
717 1835 956 1895 sciebam,
998 1835 1202 1882 inanem
1242 1842 1410 1881 autem
1456 1849 1743 1881 sermonem

167 1920 444 1967 litterarum
486 1920 578 1967 tibi
623 1919 957 1966 iniucundum
999 1934 1113 1967 esse
1158 1918 1428 1965 audiebam
1447 1947 1514 1951 -——
1531 1916 1744 1964 brevita-

166 2011 267 2050 tem
319 2011 525 2050 secutus
566 2019 677 2050 sum
720 2011 768 2050 te
812 2002 1069 2065 magistro.
1156 2002 1292 2049 Scito
1324 2001 1475 2063 igitur
1513 2000 1564 2046 in
1605 2008 1654 2048 te
1694 2008 1744 2048 et

167 2087 216 2133 in
254 2088 452 2149 collega
493 2103 637 2148 spem
679 2102 883 2134 omnem
926 2102 1054 2134 esse.

239 2172 314 2217 De
346 2173 498 2217 Bruto
527 2178 695 2217 autem
725 2170 850 2217 nihil
879 2170 1047 2217 adhuc
1073 2169 1197 2218 certi
1223 2189 1232 2227 3
1274 2184 1424 2230 quem
1451 2184 1560 2230 ego,
1590 2183 1741 2229 quem

167 2254 231 2300 ad
272 2254 478 2301 modum
519 2254 789 2316 praecipis,
831 2253 1041 2316 privatis
1080 2253 1260 2300 litteris
1291 2252 1355 2299 ad
1385 2251 1574 2299 bellum
1611 2267 1742 2298 com-

167 2354 318 2385 mune
352 2354 534 2385 vocare
571 2354 673 2384 non
715 2338 910 2385 desino.
986 2337 1087 2396 Qui
1128 2337 1321 2383 utinam
1361 2336 1459 2382 iam
1500 2335 1740 2382 adesset!

169 2422 477 2469 Intestinum
530 2421 670 2469 urbis
733 2422 935 2480 malum,
989 2421 1124 2482 quod
1188 2428 1266 2467 est
1316 2436 1418 2466 non
1470 2418 1740 2477 mediocre,

167 2506 335 2552 minus
397 2505 706 2552 timeremus.
821 2506 922 2552 Sed
974 2504 1098 2566 quid
1161 2506 1291 2566 ago?
1404 2504 1520 2549 Non
1572 2501 1742 2548 imitor

166 2591 462 2650 λακωνισμὸν
492 2598 663 2646 tuum3
704 2589 863 2636 altera
890 2589 987 2635 iam
1026 2588 1226 2649 pagella
1258 2585 1500 2647 procedit.
1576 2585 1741 2631 Vince

166 2680 215 2719 et
242 2673 366 2720 vale.
443 2688 584 2720 XIIII.
617 2675 682 2719 K.
713 2672 956 2732 Quinctil.
