1877 3021
454 174 636 212 FIFTY
681 175 954 212 LETTERS
998 176 1076 212 OF
1117 177 1346 214 CICERO
1640 176 1685 217 17

113 313 203 360 sed
231 313 398 361 adhuc
425 330 574 375 pares
601 330 704 360 non
732 330 921 362 sumuse
999 317 1168 374 Bruto,
1199 323 1252 362 ut
1285 316 1484 375 suades,
1514 316 1685 363 rescri-

111 397 228 443 bam
249 416 258 455 3
287 412 373 443 eas
395 396 589 444 litteras
611 414 723 444 cras
743 397 973 445 habebis.
1029 400 1159 446 Cum
1181 400 1274 446 erit
1292 399 1371 445 cui
1394 400 1499 457 des,
1521 399 1681 446 dabis.

624 569 725 612 33.
788 570 1052 621 (Att.X111‚
1081 572 1164 621 15.)

527 687 776 729 CICERO
825 688 1079 730 ATTICO
1131 688 1266 730 SAL.

178 803 313 863 Quid
338 803 454 866 agit,
478 804 693 851 obsecro
712 813 774 863 te,
798 804 969 852 Attica
987 813 1161 852 nostra
1181 807 1196 851 ?
1254 806 1383 851 Nam
1403 805 1569 852 triduo
1592 807 1683 853 abs

109 898 154 934 te
183 887 349 933 nullas
386 902 712 948 acceperam3
755 904 848 936 nec
876 888 1070 947 mirum,
1102 904 1251 935 nemo
1288 888 1422 935 enim
1458 897 1680 948 venerat,

107 987 200 1018 nec
220 972 439 1019 fortasse
462 988 618 1020 causa
643 973 820 1019 fuerat.
901 975 1080 1034 Itaque
1109 972 1217 1034 ipse
1246 973 1382 1034 quod
1410 972 1682 1019 scriberem

105 1071 209 1102 non
240 1056 507 1104 habebam.
572 1057 689 1116 Quo
718 1064 888 1103 autem
916 1057 998 1104 die
1025 1057 1119 1104 has
1141 1056 1348 1103 Valerio
1375 1057 1576 1116 dabam,
1606 1072 1682 1103 ex-

107 1140 403 1201 spectabam
426 1139 645 1201 aliquem
667 1156 892 1187 meorum
913 1160 922 1198 ;
952 1140 1036 1201 qui
1060 1140 1101 1187 si
1122 1140 1348 1188 venisset
1369 1148 1419 1187 et
1441 1157 1469 1187 a
1489 1148 1538 1187 te
1561 1140 1682 1201 quid

107 1221 373 1280 attulisset,
402 1222 638 1270 videbam
667 1239 766 1270 non
797 1224 1089 1270 defuturum
1117 1224 1253 1284 quod
1282 1223 1570 1271 scriberem

630 1394 729 1438 34.
792 1397 1033 1449 (Att.XI1.
1059 1397 1146 1448 53.)

527 1514 776 1556 CICERO
825 1515 1076 1556 ATTICO
1128 1514 1262 1557 SAL.

178 1630 299 1691 Ego‚
342 1629 435 1676 etsi
475 1628 805 1688 nihilhabeo
846 1630 982 1691 quod
1022 1630 1084 1676 ad
1137 1638 1185 1676 te
1236 1629 1470 1688 scribam,
1513 1630 1680 1677 scribo

103 1719 290 1770 tamen,
322 1712 441 1773 quia
469 1720 636 1758 tecum
672 1712 809 1774 loqui
849 1712 1040 1760 videor.
1121 1713 1222 1760 Hic
1260 1712 1526 1760 nobiscum
1563 1722 1680 1760 sunt

106 1795 284 1842 Nicias
334 1803 385 1842 et
434 1796 684 1843 Valerius.
788 1796 961 1844 Hodie
1013 1804 1126 1843 tuas
1178 1796 1372 1844 litteras
1424 1805 1680 1858 exspecta—

102 1880 283 1926 bamus
336 1880 626 1927 matutinas.
706 1882 865 1927 Erunt
914 1881 1132 1927 fortasse
1183 1880 1372 1927 alterae
1421 1880 1683 1942 postmeri-

103 1963 301 2022 dianae‚
330 1963 428 2010 nisi
454 1972 504 2010 te
546 1963 834 2025 Epiroticae
870 1964 1067 2011 litterae
1097 1964 1390 2025 impedient,
1419 1979 1548 2025 quas
1586 1979 1681 2026 ego

104 2062 206 2093 non
248 2047 530 2108 interpello.
610 2047 732 2094 Misi
771 2048 836 2094 ad
875 2056 924 2095 te
966 2048 1211 2109 epistulas
1252 2048 1317 2094 ad
1361 2047 1680 2095 Marcianum

104 2137 153 2176 et
198 2131 262 2177 ad
303 2132 621 2178 Montanum.
701 2133 800 2177 Eas
841 2131 888 2176 in
931 2132 1150 2178 eundem
1187 2131 1491 2178 fasciculum
1529 2131 1678 2178 velim

105 2213 278 2272 addas,
322 2213 420 2261 nisi
460 2215 591 2261 forte
631 2214 729 2260 iam
771 2214 975 2261 dedisti.

628 2378 726 2421 35.
791 2380 904 2431 (Att.
928 2382 1031 2422 XII.
1061 2380 1144 2431 11.)

519 2497 769 2539 CICERO
819 2498 1073 2540 ATTICO
1125 2498 1261 2539 SAL.

174 2615 313 2662 Male
372 2615 435 2661 de
507 2615 660 2670 Seio3
727 2615 817 2661 sed
878 2615 1049 2661 omnia
1111 2616 1335 2661 humana
1394 2615 1678 2662 tolerabilia

103 2698 353 2745 ducenda.
433 2698 538 2758 Ipsi
579 2697 713 2744 enim
753 2697 875 2758 quid
915 2714 1091 2744 sumus
1125 2687 1215 2744 aut*
1247 2714 1395 2758 quam
1430 2698 1516 2744 diu
1552 2699 1677 2745 haec

1716 1733 1764 1759 10

1716 2148 1761 2189 15
