1877 3021
100 1062 144 1088 10

94 1469 140 1510 Ι5

88 1896 138 1922 20

87 2311 136 2354 25

181 152 232 190 28
522 151 704 188 FIFTY
750 150 1022 187 LETTERS
1066 151 1144 187 oF
1186 151 1415 188 CICERO

181 290 490 352 cupiditates
511 298 763 337 certorum
791 289 1051 336 hominum
1072 320 1139 324 —
1157 306 1273 336 nam
1296 307 1357 337 ex
1379 298 1591 353 utraque
1613 301 1757 354 parte

181 383 299 422 sunt
326 373 413 435 qui
440 389 669 436 pugnare
691 373 1366 434 cupiant—impedimento
1394 375 1754 424 mihi'fuerunt.

182 457 405 505 Omnino
451 465 501 503 et
546 457 656 518 ipse
705 458 909 515 Caesar,
957 456 1150 503 amicus
1198 465 1382 516 noster,
1430 458 1642 505 minacis
1693 461 1757 506 ad

180 549 412 589 senatum
464 548 512 587 et
563 541 773 587 acerbas
824 540 1017 586 litteras
1069 540 1291 599 miserat,
1333 549 1383 588 et
1432 549 1539 589 erat
1589 543 1757 591 adhuc

181 625 450 687 impudens
491 624 577 685 qui
614 623 888 671 exercitum
930 631 980 670 et
1021 624 1334 685 provinciam
1376 624 1534 672 invito
1577 635 1756 673 senatu

179 716 390 766 teneret,
445 715 494 754 et
556 707 711 772 Curio
762 723 904 754 meus
968 707 1106 753 illum
1163 707 1422 755 incitabat.
1501 709 1756 756 Antonius
1797 746 1804 753 .

180 791 385 853 quidem
437 798 610 837 noster
665 798 716 837 et
767 791 828 849 Q.
884 790 1095 837 Cassius
1159 790 1297 836 nulla
1346 791 1394 837 vi
1444 792 1641 853 expulsi
1692 793 1786 839 ad·

180 877 456 923 Caesarem
495 890 609 921 cum
656 873 879 921 Curione
926 873 1141 934 profecti
1181 881 1340 931 erant,
1384 882 1563 935 postea
1602 892 1751 936 quam

178 966 388 1006 senatus
427 957 737 1015 consulibus,
777 957 1111 1018 praetoribus,
1150 957 1368 1004 tribunis
1401 958 1465 1018 pl.
1505 966 1554 1004 et
1591 959 1753 1018 nobis,

177 1042 263 1103 qui
292 1057 491 1103 procos.
527 1057 716 1099 sumus,
746 1040 1004 1102 negotium
1043 1041 1254 1087 dederat
1282 1049 1334 1087 ut
1371 1056 1662 1088 curaremus
1691 1059 1765 1089 ne·

177 1126 298 1187 quid
320 1142 399 1172 res
421 1125 627 1186 publica
648 1124 936 1171 detrimenti
962 1132 1181 1185 caperet.
1250 1126 1540 1186 Numquam
1565 1125 1752 1172 maiore

175 1210 225 1255 in
254 1209 479 1270 periculo
507 1208 686 1255 civitas
714 1208 823 1266 fuit,
854 1224 1128 1269 numquam
1159 1208 1374 1269 improbi
1402 1209 1540 1255 cives
1568 1209 1753 1256 habue-

175 1301 289 1340 runt
315 1292 621 1354 paratiorem
649 1293 844 1339 ducem.
923 1292 1147 1338 Omnino
1176 1307 1236 1337 ex
1257 1293 1352 1338 hac
1376 1309 1579 1353 quoque
1608 1302 1751 1353 parte

173 1376 565 1438 diligentissime
593 1384 927 1437 comparatur.
1006 1376 1067 1421 Id
1093 1376 1148 1422 fit
1175 1375 1475 1423 auctoritate
1504 1383 1554 1422 et
1581 1376 1751 1423 studio

175 1460 383 1522 Pompei
413 1460 586 1517 nostri,
615 1458 701 1520 qui
731 1460 1004 1506 Caesarem
1033 1475 1144 1505 sero
1171 1459 1339 1520 coepit
1367 1458 1557 1506 timere.

243 1543 406 1590 Nobis
435 1543 565 1589 inter
593 1543 685 1589 has
713 1543 888 1589 turbas
910 1550 1119 1588 senatus
1147 1550 1316 1589 tamen
1344 1543 1586 1603 frequens
1615 1543 1751 1605 flagi-

172 1627 297 1674 tavit
318 1627 628 1689 triumphum
649 1647 658 1684 3
701 1626 791 1673 sed
816 1626 1064 1672 Lentulus
1082 1626 1274 1684 consul,
1298 1643 1398 1686 quo
1421 1625 1583 1673 maius
1602 1642 1748 1673 suum

170 1711 476 1758 beneficium
504 1711 710 1768 faceret,
740 1710 889 1756 simul
918 1717 1070 1771 atque
1099 1710 1390 1771 expedisset
1416 1726 1547 1770 quae
1575 1718 1749 1757 essent

171 1794 463 1842 necessaria
514 1794 576 1841 de
626 1810 678 1840 re
729 1793 947 1855 publica,
990 1793 1116 1839 dixit
1167 1809 1220 1840 se
1272 1793 1559 1840 relaturum.
1639 1796 1747 1840 Nos

171 1878 367 1940 agimus
396 1878 520 1923 nihil
549 1877 748 1939 cupide,
774 1893 937 1938 eoque
966 1885 1043 1923 est
1070 1885 1246 1923 nostra
1271 1876 1428 1938 pluris
1453 1877 1742 1924 auctoritas.

172 1962 352 2008 Italiae
380 1961 614 2024 regiones
651 1961 928 2022 discriptae
956 1968 1089 2019 sunt,
1121 1977 1272 2021 quam
1309 1960 1524 2021 quisque
1551 1968 1746 2022 partem

169 2053 406 2092 tueretur.
486 2047 595 2091 Nos
643 2046 874 2106 Capuam
916 2044 1239 2106 sumpsimus.
1317 2045 1466 2090 Haec
1515 2051 1565 2090 te
1616 2044 1745 2091 scire

169 2128 317 2176 volui.
394 2130 473 2174 Tu
512 2128 666 2175 etiam
718 2136 870 2189 atque
916 2127 1068 2175 etiam
1108 2143 1228 2174 cura
1277 2135 1332 2174 ut
1381 2127 1567 2186 valeas,
1620 2127 1746 2174 litte-

169 2228 351 2273 rasque
381 2212 444 2258 ad
478 2228 557 2259 me
593 2212 764 2258 mittas
793 2211 1251 2273 quotienscumque
1285 2211 1500 2259 habebis
1528 2211 1607 2258 cui
1636 2211 1741 2258 des.

172 2295 335 2342 Etiam
376 2303 526 2356 atque
566 2295 718 2342 etiam
757 2295 882 2342 vale.
961 2296 1021 2341 D.
1063 2311 1134 2355 pr.
1179 2295 1302 2341 Idus
1347 2297 1449 2341 Ian.
