1877 3021
176 146 229 184 26
518 147 699 183 FIFTY
744 146 1017 184 LETTERS
1061 146 1138 184 OF
1180 146 1409 184 CICERO

176 284 357 332 litteris
381 284 478 332 tuis
501 285 811 333 constituere
840 285 1119 347 poterimus
1142 285 1264 346 quid
1286 284 1435 331 nobis
1457 285 1747 341 faciendum

174 367 253 415 sit.
330 369 409 416 Tu
437 369 587 416 modo
617 369 681 416 ad
717 385 795 416 me
834 369 982 416 velim
1016 368 1186 415 omnia
1221 368 1608 431 diligentissime
1643 384 1749 430 per-

173 450 402 510 scribas;
467 452 563 500 etsi
615 452 776 515 magis
828 453 925 499 iam
973 469 1077 500 rem
1134 469 1287 514 quam
1341 453 1533 500 litteras
1583 452 1747 500 debeo

172 544 481 598 exspectare.
560 539 696 585 Cura
746 545 800 585 ut
849 537 1021 585 valeas
1071 545 1121 584 et
1172 537 1240 585 ita
1291 538 1383 586 tibi
1434 538 1748 601 persuadeas

116 627 137 669 5
171 619 292 665 mihi
330 627 378 667 te
420 620 585 668 carius
625 621 750 667 nihil
792 637 904 669 esse
942 637 1034 668 nec
1076 637 1316 683 umquam
1352 622 1524 670 fuisse.
1598 623 1744 680 Vale,

170 719 282 750 mea
309 705 562 760 Terentia,
589 721 741 765 quam
769 721 864 767 ego
892 704 1066 751 videre
1095 704 1285 764 videor,
1308 705 1479 767 itaque
1508 705 1746 754 debilitor

169 786 403 835 lacrimis.
480 788 623 836 Vale.
700 790 778 836 Pr.
811 787 928 836 Kal.
960 789 1084 836 Dec.

703 960 804 1003 44.
868 961 1011 1014 (Fam.
1037 963 1118 1001 ΙΙΙ.
1144 961 1204 1012 2.)

595 1087 795 1137 (Romae,
818 1097 951 1124 A.U.c.
976 1097 1066 1138 703.
1130 1097 1210 1124 stc.
1237 1087 1318 1139 51·)

167 1212 231 1253 M.
261 1212 510 1253 CICERO
550 1212 822 1254 PROCOS.
851 1213 897 1254 S.
926 1213 984 1252 D.
1014 1211 1213 1253 APPIO
1250 1212 1569 1254 PULCHRO
1605 1213 1738 1254 IMP.

233 1338 361 1382 Cum
404 1343 453 1383 et
497 1344 673 1383 contra
717 1336 1032 1383 voluntatem
1075 1352 1236 1382 meam
1289 1344 1338 1383 et
1388 1344 1588 1397 praeter
1637 1337 1739 1398 opi-

161 1418 365 1466 nionem
402 1419 676 1466 accidisset
713 1427 766 1466 ut
794 1419 917 1465 mihi
952 1435 1066 1465 cum
1096 1418 1305 1480 imperio
1344 1419 1393 1465 in
1422 1419 1737 1480 provinciam

81 1518 129 1545 10
161 1502 412 1563 proficisci
454 1518 666 1550 necesse
708 1510 858 1561 esset,
904 1502 954 1548 in
996 1502 1167 1549 multis
1206 1510 1256 1549 et
1298 1502 1447 1549 variis
1490 1503 1738 1550 molestiis

159 1586 658 1648 cogitationibusque
687 1586 812 1633 meis
841 1586 966 1634 haec
995 1602 1096 1632 una
1117 1586 1400 1633 consolatio
1422 1587 1736 1648 occurrebat,

159 1670 297 1731 quod
325 1686 490 1731 neque
518 1669 610 1716 tibi
638 1670 847 1717 amicior
882 1686 1032 1731 quam
1061 1686 1156 1732 ego
1185 1686 1295 1716 sum
1324 1669 1596 1731 quisquam
1624 1687 1737 1732 pos-

158 1761 235 1800 set
271 1754 560 1812 succedere,
591 1770 755 1815 neque
793 1770 888 1816 ego
924 1754 988 1801 ab
1016 1754 1117 1801 ullo
1155 1753 1467 1815 provinciam
1504 1753 1735 1815 accipere

157 1837 244 1898 qui
272 1838 443 1884 mallet
470 1854 579 1884 eam
618 1854 769 1898 quam
797 1837 1012 1885 maxime
1048 1837 1169 1883 mihi
1206 1845 1374 1899 aptam
1412 1837 1734 1899 explicatam-

77 1934 122 1976 15
157 1937 254 1982 que
300 1921 514 1968 tradere.
592 1921 746 1981 Quod
792 1922 834 1968 si
883 1929 937 1968 tu
982 1937 1185 1983 quoque
1237 1922 1453 1968 eandem
1505 1922 1568 1969 de
1620 1938 1734 1969 mea

155 2005 416 2052 voluntate
443 2021 562 2067 erga
589 2012 639 2052 te
667 2021 810 2066 spem
838 2005 1012 2062 habes,
1039 2021 1098 2051 ea
1123 2012 1173 2052 te
1201 2005 1431 2066 profecto
1455 2021 1731 2066 numquam

153 2088 306 2136 fallet.
386 2091 431 2135 A
473 2097 522 2135 te
565 2088 783 2135 maximo
825 2104 978 2150 opere
1023 2104 1114 2150 pro
1161 2096 1336 2136 nostra
1377 2105 1574 2135 summa
1616 2105 1731 2136 con-

152 2171 411 2219 iunctione
462 2180 652 2234 tuaque
705 2172 948 2235 singulari
1004 2172 1322 2220 humanitate
1373 2172 1526 2219 etiam
1578 2181 1730 2234 atque

151 2255 304 2302 etiam
345 2272 537 2317 quaeso
573 2265 622 2303 et
660 2264 779 2318 peto
815 2265 882 2314 ut,
912 2256 1317 2318 quibuscumque
1354 2256 1505 2303 rebus
1539 2257 1729 2317 poteris

69 2339 424 2401 20—poteris
475 2348 644 2386 autem
708 2339 1324 2401 plurimis—prospicias
1378 2348 1427 2387 et
1489 2340 1728 2386 consulas

151 2423 432 2470 rationibus
477 2423 617 2470 meis.

221 2506 379 2554 Vides
416 2522 477 2553 ex
513 2515 721 2554 senatus
761 2506 995 2554 consulto
1035 2506 1348 2568 provinciam
1389 2522 1501 2554 esse
1541 2506 1727 2563 haben-

151 2590 281 2637 dam.
359 2591 411 2637 Si
446 2606 573 2648 eam,
602 2590 739 2652 quod
776 2590 884 2637 eius
919 2591 1087 2637 facere
1123 2589 1362 2651 potueris,
1394 2605 1545 2651 quam
1581 2606 1728 2651 expe-

150 2673 453 2720 ditissimam
505 2674 628 2720 mihi
678 2673 963 2733 tradideris,
1014 2673 1213 2720 facilior
1262 2672 1356 2720 erit
1407 2672 1530 2719 mihi
1580 2673 1726 2734 quasi
