1877 3021
414 204 596 241 FIFTY
642 203 915 241 LETTERS
949 203 1037 244 ‚OF
1079 204 1307 242 CICERO
1624 206 1647 244 3

76 343 346 405 quicquam
391 343 558 389 adhuc
601 342 723 389 certi
767 343 1027 390 habemus.
1108 344 1156 390 si
1202 344 1323 404 quid
1368 344 1462 391 erit
1507 346 1644 403 certi,

73 426 262 472 faciam
291 434 339 473 te
368 426 538 472 statim
568 426 852 473 certiorem.
930 426 1293 473 Valetudinem
1321 435 1459 474 tuam
1485 428 1567 474 fac
1596 437 1649 475 ut

73 525 232 557 cures.
309 508 450 556 Vale.
527 523 606 555 111.
639 509 763 555 Idus
794 508 1012 556 Sextilis.

596 686 653 729 6.
717 688 860 740 (Fam.
885 690 1005 729 XIV.
1032 688 1119 739 23.)

282 813 576 855 TULLIUS
627 813 1026 854 TERENTIAE
1075 814 1252 856 SUAE
1300 816 1345 856 S.
1387 816 1445 856 D.

149 936 196 982 S.
225 951 268 981 v.
298 935 346 982 b.
377 951 418 982 e.
448 951 492 982 v.
572 934 827 981 Redditae
855 935 978 980 mihi
1000 935 1206 982 tandem
1230 944 1348 983 sunt
1375 952 1404 982 a
1427 938 1646 984 Caesare

72 1017 270 1065 litterae
299 1018 424 1064 satis
460 1018 711 1076 liberales,
743 1026 792 1065 et
820 1017 929 1079 ipse
957 1018 1198 1079 opinione
1228 1019 1444 1065 celerius
1471 1030 1646 1066 ventu·
1708 1034 1728 1075 5

72 1117 157 1148 rus
185 1117 298 1149 esse
327 1101 538 1159 dicitur3
581 1100 661 1147 cui
698 1109 861 1148 utrum
891 1102 956 1148 ob
984 1101 1115 1148 viam
1152 1103 1441 1164 procedam,
1473 1119 1535 1149 an
1565 1103 1646 1150 hic

72 1201 186 1231 eum
215 1192 519 1246 exspectem,
550 1200 663 1231 cum
694 1185 1023 1243 constituero,
1053 1185 1239 1232 faciam
1276 1194 1324 1232 te
1361 1186 1642 1233 certiorem.

71 1268 390 1315 Tabellarios
418 1267 540 1313 mihi
567 1268 717 1315 velim
746 1285 896 1329 quam
935 1268 1150 1330 primum
1181 1269 1424 1316 remittas.
1500 1270 1647 1317 Vale-

71 1351 300 1398 tudinem
352 1360 489 1398 tuam
541 1368 662 1399 cura
702 1352 987 1414 diligenter.
1088 1353 1230 1400 Vale.
1327 1354 1388 1399 D.
1443 1368 1514 1414 pr.
1570 1353 1644 1400 Id.

73 1435 208 1483 Sext.
1682 1453 1730 1479 10

601 1544 652 1588 7.
717 1547 859 1598 (Fam.
884 1548 1004 1587 XIV.
1030 1547 1117 1597 22.)

262 1671 553 1713 TULLIUS
605 1672 649 1712 S.
691 1672 749 1712 D.
800 1671 1200 1712 TERENTIAE
1251 1672 1441 1714 SUAE.

145 1791 192 1838 S.
222 1807 265 1838 v.
294 1791 340 1837 b.
371 1807 412 1837 e.
442 1808 486 1837 v.
565 1792 674 1837 Nos
697 1791 883 1838 cotidie
905 1791 1199 1839 tabellarios
1221 1801 1421 1840 nostros
1443 1809 1646 1854 exspec-

72 1881 254 1932 tamus,
286 1873 371 1935 qui
408 1874 449 1920 si
485 1874 733 1931 venerint,
763 1875 979 1922 fortasse
1017 1875 1205 1922 erimus
1243 1876 1484 1923 certiores
1521 1876 1644 1938 quid

71 1957 223 2004 nobis
250 1957 541 2004 faciendum
580 1957 659 2014 sit,
689 1957 1038 2019 faciemusque
1074 1967 1122 2005 te
1152 1959 1323 2005 statim
1361 1959 1641 2017 certiorem.

71 2040 433 2087 Valet-udinem
452 2048 589 2087 tuam
614 2056 734 2086 cura
756 2041 1040 2103 diligenter.
1094 2042 1237 2089 Vale.
1294 2044 1359 2089 K.
1386 2043 1642 2104 Septemb.

597 2218 653 2262 8.
688 2217 859 2271 ’(Εειῐη.
883 2222 1003 2262 XIV.
1029 2221 1116 2273 20.)

260 2345 549 2387 TULLIUS
601 2346 645 2387 S.
686 2346 743 2387 D.
793 2346 1193 2387 TERENTIAE
1243 2348 1435 2390 SUAE.

143 2468 205 2513 In
232 2466 581 2513 Tusculanum
610 2483 704 2514 nos
732 2476 972 2515 venturos
999 2477 1236 2530 putamus
1264 2479 1349 2516 aut
1374 2470 1538 2517 Nonis
1560 2455 1645 2517 aut
1681 2488 1726 2530 15

71 2549 333 2613 postridie.
413 2551 493 2597 Ibi
538 2559 592 2597 ut
643 2550 744 2597 sint
793 2551 965 2598 omnia
1015 2560 1204 2613 parata.
1285 2553 1458 2600 Plures
1510 2553 1641 2600 enim

70 2635 289 2681 fortasse
336 2634 604 2681 nobiscum
646 2642 794 2682 erunt
837 2643 900 2692 et,
955 2643 1009 2682 ut
1054 2635 1284 2693 arbitror,
1333 2636 1523 2683 diutius
1576 2637 1643 2683 ibi

72 2717 511 2765 commorabimur.
590 2718 809 2764 Labrum
864 2719 905 2764 si
957 2719 1006 2764 in
1052 2719 1255 2766 balineo
1306 2736 1406 2766 non
1453 2728 1542 2776 est,
1591 2728 1644 2766 ut
