1877 3021
475 154 656 192 FIFTY
702 153 975 191 LETTERS
1018 153 1096 189 OF
1138 153 1366 190 CICERO
1656 152 1708 189 Z‘)

632 347 732 391 46.
796 349 938 400 (Fam.
963 349 1084 388 XIV.
1112 347 1196 397 18.)

182 482 396 534 (Formiis,
421 495 456 520 a.
481 481 519 519 d.
547 492 606 518 lx.
633 481 856 519 Kalendas
883 479 1150 525 Februarias,
1175 490 1309 517 A.U.c.
1334 490 1425 531 705.
1471 489 1550 517 Bc.
1575 481 1657 531 49.)

135 614 428 656 TULLIUS
468 612 871 654 TERENTIAE
917 612 1096 653 SUAE
1135 611 1219 652 ET
1270 611 1491 651 PATER
1542 611 1706 652 SUA—

322 696 651 738 VISSIMAE
702 695 947 746 FILIAE,
998 695 1248 736 CICERO
1300 694 1515 735 MATRI

585 780 670 820 ET
718 779 965 822 SORORI
1019 780 1065 820 S.
1106 779 1163 819 D.
1204 778 1252 818 P.

201 909 646 957 Considerandum
697 908 843 956 vobis
895 908 1047 955 etiam
1101 915 1252 968 atque
1299 906 1464 964 etiam,
1507 906 1705 954 animae

130 1008 285 1050 meae,
317 992 586 1054 diligenter
621 1000 757 1054 puto,
796 991 919 1053 quid
950 991 1165 1049 faciatis,
1198 993 1459 1037 Romaene
1495 989 1605 1036 sitis
1641 1006 1703 1036 an

128 1092 324 1124 mecum
353 1076 404 1122 in
433 1075 602 1137 aliquo
629 1084 738 1123 tuto
768 1075 896 1123 loco.
975 1075 1036 1121 Id
1072 1090 1175 1120 non
1203 1074 1366 1120 solum
1396 1088 1561 1119 meum
1590 1089 1704 1119 con-

127 1160 296 1207 silium
324 1167 416 1218 est,
446 1159 538 1207 sed
566 1159 718 1207 etiam
745 1166 984 1206 vestrum.

198 1244 328 1290 Mihi
356 1243 567 1291 veniunt
594 1243 645 1289 in
673 1251 895 1290 mentem
923 1243 1050 1288 haec
1073 1261 1081 1288 ε
1123 1243 1317 1288 Romae
1345 1257 1435 1288 vos
1458 1256 1571 1287 esse
1593 1248 1702 1287 tuto
1766 1256 1785 1297 5

126 1343 278 1389 posse
314 1343 405 1389 per
445 1327 783 1385 Dolabellam,
813 1342 1029 1387 eamque
1068 1341 1171 1371 rem
1211 1340 1364 1387 posse
1395 1324 1541 1370 nobis
1569 1324 1704 1371 adiu-

127 1419 300 1458 mento
329 1427 458 1469 esse,
489 1410 531 1457 si
559 1426 690 1472 quae
717 1410 793 1457 vis
822 1417 907 1456 aut
935 1409 975 1456 si
1004 1425 1135 1470 quae
1162 1408 1370 1470 rapinae
1397 1407 1502 1455 fieri
1530 1423 1705 1469 coepe-

126 1494 263 1553 rint3
304 1495 396 1542 sed
440 1510 615 1541 rursus
661 1494 785 1541 illud
830 1509 909 1540 me
947 1501 1130 1551 movet,
1169 1493 1307 1554 quod
1349 1491 1496 1539 video
1538 1491 1703 1538 omnis

126 1579 291 1625 bonos
318 1579 500 1625 abesse
530 1580 696 1625 Roma
722 1586 772 1624 et
793 1593 880 1625 eos
904 1577 1139 1624 mulieres
1163 1593 1280 1623 suas
1304 1591 1475 1622 secum
1498 1575 1699 1623 habere.

129 1663 278 1728 Haec
305 1669 481 1709 autem·
501 1661 640 1723 regio
668 1661 719 1707 in
747 1677 847 1722 qua
873 1677 967 1723 ego
1004 1677 1111 1707 sum
1152 1668 1436 1707 nostrorum
1474 1668 1551 1707 est
1586 1676 1699 1706 cum
1738 1674 1785 1699 10

125 1744 429 1807 oppidorum
469 1752 573 1790 tum
612 1744 763 1792 etiam
799 1744 1136 1806 praediorum,
1167 1752 1221 1791 ut
1255 1752 1304 1791 et
1340 1743 1551 1791 multum
1588 1759 1701 1790 esse

127 1845 325 1876 mecum
354 1837 417 1887 et,
447 1844 562 1875 cum
596 1828 836 1887 abieritis,
866 1828 1130 1875 commode
1169 1828 1219 1873 in
1258 1828 1443 1874 nostris
1481 1827 1701 1889 praediis

127 1928 239 1959 esse
279 1912 504 1973 possitis.

200 1995 331 2041 Mihi
359 1995 512 2057 plane
540 2011 642 2041 non
667 1995 790 2042 satis
813 2003 1015 2042 constat
1043 1995 1209 2042 adhuc
1233 2003 1397 2042 utrum
1421 1994 1484 2041 sit
1506 1981 1700 2041 melius.

128 2080 233 2125 Vos
262 2078 431 2126 videte
459 2078 582 2140 quid
610 2078 738 2125 aliae
766 2078 959 2125 faciant
994 2079 1092 2125 isto
1128 2079 1239 2125 loco
1271 2078 1508 2136 feminae,
1537 2086 1586 2125 et
1622 2094 1699 2135 ne,
1738 2095 1784 2137 ¹5

127 2178 240 2209 cum
268 2162 448 2221 velitis,
478 2162 613 2208 exire
641 2178 742 2209 non
771 2162 933 2209 liceat.
1002 2162 1061 2209 Id
1084 2162 1233 2209 velim
1256 2161 1525 2224 diligenter
1553 2162 1703 2208 etiam

128 2254 283 2307 atque
334 2246 484 2293 etiam
536 2246 801 2293 vobiscum
851 2253 901 2293 et
956 2262 1071 2293 cum
1122 2246 1298 2293 amicis
1350 2245 1699 2293 consideretis.

131 2331 327 2376 Domus
366 2337 420 2376 ut
459 2329 842 2392 propugnacula
869 2338 919 2377 et
956 2329 1266 2391 praesidium
1307 2331 1508 2388 habeat,
1541 2329 1704 2376 Philo-

127 2413 252 2460 timo
279 2413 476 2460 dicetis.
556 2415 617 2460 Et
644 2413 796 2461 velim
823 2414 1115 2461 tabellarios
1144 2413 1420 2461 instituatis
1448 2422 1629 2471 certos,
1651 2421 1705 2459 ut

127 2496 314 2544 cotidie
338 2496 533 2557 aliquas
555 2513 583 2543 a
602 2497 746 2544 vobis
768 2497 961 2545 litteras
984 2498 1229 2559 accipiam
1250 2518 1259 2555 ;
1299 2497 1513 2543 maxime
1537 2505 1703 2543 autem
1738 2513 1787 2539 20

128 2580 247 2626 date
289 2596 493 2642 operam
539 2588 591 2626 ut
633 2580 858 2639 valeatis,
897 2581 939 2627 si
981 2597 1074 2627 nos
1116 2580 1268 2627 vultis
1311 2580 1491 2626 valere.
1570 2595 1700 2625 vnn.

132 2671 246 2717 Kal.
319 2670 545 2717 Formiis.
