1877 3021
86 1732 134 1759 10

85 2146 134 2188 Ῑ5

170 187 194 225 2
510 186 694 225 FIFTY
737 186 1009 224 LETTERS
1051 186 1129 224 OF
1170 186 1398 224 CICERO

693 364 751 408 3.
813 365 956 417 (Fam.
979 367 1099 407 XIV.
1127 365 1211 417 11.)

355 490 648 534 TULLIUS
699 490 745 532 S.
786 491 845 532 D.
894 490 1295 531 TERENTIAE
1344 491 1533 533 SUAE.

240 613 288 660 S.
326 628 370 660 v.
406 612 454 659 b.
491 627 532 658 e.
571 628 615 659 v.
692 611 860 657 Tullia
897 619 1070 659 nostra
1104 604 1243 658 venit
1280 612 1343 658 ad
1381 627 1458 657 me
1502 628 1573 673 pr.
1615 613 1739 659 Idus

168 697 314 753 Iun.;
367 694 511 741 cuius
558 709 756 742 summa
807 694 991 741 virtute
1034 702 1083 741 et
1128 694 1370 756 singulari
1422 695 1738 743 humanitate

166 777 394 841 graviore
422 777 576 825 etiam
605 793 716 824 sum
745 777 917 824 dolore
946 778 1178 824 adfectus
1205 785 1378 824 nostra
1404 777 1596 824 factum
1625 795 1738 826 esse

166 861 490 924 neglegentia
526 869 580 908 ut
619 861 769 924 longe
807 861 905 907 alia
940 861 989 907 in
1025 862 1231 908 fortuna
1267 869 1404 908 esset
1440 870 1593 924 atque
1629 862 1738 910 eius

166 945 330 1006 pietas
371 961 428 993 ac
470 945 692 1008 dignitas
733 946 1041 1007 postulabat.
1120 946 1284 992 Nobis
1325 953 1434 992 erat
1476 945 1526 992 in
1569 946 1739 993 animo

168 1028 470 1076 Ciceronem
500 1029 563 1076 ad
602 1028 875 1077 Caesarem
912 1029 1112 1076 mittere
1141 1037 1191 1076 et
1226 1045 1337 1076 cum
1367 1045 1427 1076 eo
1457 1031 1548 1077 Cn.
1584 1030 1740 1077 Sallu-

167 1111 347 1170 stium3
389 1112 429 1159 si
457 1113 717 1174 profectus
746 1112 853 1170 erit,
882 1112 1065 1158 faciam
1103 1120 1151 1159 te
1180 1112 1458 1160 certiorem.
1535 1113 1739 1160 Valetu-

166 1194 337 1242 dinem
359 1201 498 1243 tuam
521 1210 640 1242 cura
661 1195 945 1257 diligenter.
999 1195 1143 1243 Vale.
1197 1209 1323 1242 XVII.
1355 1197 1417 1242 K.
1444 1195 1735 1254 Quinctilis.

688 1386 747 1429 4.
814 1388 955 1439 (Fam.
979 1389 1098 1429 XIV.
1125 1388 1210 1439 15.)

477 1512 769 1554 TULLIUS
815 1513 861 1554 S.
901 1513 959 1552 D.
1008 1511 1424 1553 TERENTIAE.

237 1632 288 1681 Si
315 1633 469 1692 vales,
498 1633 631 1681 bene
668 1641 757 1681 est.
835 1633 1296 1691 Constitueramus,
1329 1641 1381 1680 ut
1410 1633 1473 1680 ad
1510 1641 1559 1681 te
1588 1641 1738 1681 antea

166 1716 483 1778 scripseram,
523 1717 589 1763 ob
626 1716 758 1763 viam
797 1716 1100 1764 Ciceronem
1140 1717 1348 1764 Caesari
1382 1717 1605 1775 mittere3
1648 1717 1739 1764 sed

157 1799 470 1847 'mutavimus
488 1799 772 1858 consilium,
795 1799 914 1860 quia
936 1800 999 1847 de
1019 1800 1152 1846 illius
1174 1800 1397 1846 adventu
1419 1799 1544 1845 nihil
1569 1800 1738 1846 audie-

165 1883 361 1931 bamus.
441 1885 520 1931 De
555 1883 739 1931 ceteris
765 1883 933 1941 rebus,
964 1883 1058 1930 etsi
1088 1883 1211 1928 nihil
1249 1891 1356 1930 erat
1385 1883 1515 1941 novi,
1549 1891 1736 1942 tamen,

165 1967 288 2028 quid
314 1966 529 2014 velimus
556 1975 606 2014 et
636 1967 758 2028 quid
786 1968 884 2014 hoc
911 1974 1141 2028 tempore
1175 1975 1412 2028 putemus
1445 1983 1574 2029 opus
1608 1983 1736 2026 esse,

164 2065 226 2096 ex
264 2050 409 2097 Sicca
447 2051 638 2112 poteris
674 2066 998 2113 cognoscere.
1075 2050 1294 2096 Tulliam
1335 2051 1502 2098 adhuc
1540 2066 1737 2097 mecum

165 2141 330 2180 teneo:
430 2133 792 2181 Valetudinem
844 2141 981 2179 tuam
1034 2149 1155 2180 cura
1211 2133 1493 2195 diligenter.
1593 2133 1736 2181 Vale.

164 2231 259 2263 xll.
285 2218 354 2263 K.
386 2215 675 2276 Quinctilis.

689 2366 747 2410 5.
810 2368 954 2420 (Fam.
979 2370 1097 2409 XIV.
1123 2368 1210 2419 24.)

367 2492 660 2535 TULLIUS
709 2493 1111 2534 TERENTIAE
1161 2493 1336 2535 SUAE
1387 2494 1432 2536 S.
1473 2495 1532 2534 D.

237 2615 284 2661 S.
328 2631 373 2662 v.
415 2614 463 2662 b.
509 2631 548 2662 e.
591 2631 636 2662 v.
728 2616 837 2660 Nos
889 2630 1054 2675 neque
1106 2614 1170 2661 de
1224 2615 1461 2662 Caesaris
1512 2607 1735 2661 adventu

163 2713 329 2757 neque
385 2697 449 2744 de
506 2696 688 2744 litteris
746 2713 873 2758 quas
933 2696 1234 2743 Philotimus
1294 2698 1480 2743 habere
1536 2697 1733 2756 dicitur,
