1877 3021
462 204 641 241 FIFTY
686 204 959 242 LETTERS
1002 205 1080 241 oF
1121 205 1349 242 CICERO
1640 207 1689 245 21

120 343 255 405 quod
286 342 435 389 facile
469 342 694 405 intellegi
729 343 906 404 possit,
936 343 985 389 in
1022 344 1178 390 multa
1210 347 1691 395 commemoratione

118 442 287 473 earum
334 442 497 472 rerum
544 442 671 487 quas
716 426 967 486 gessimus
1013 427 1372 489 desiderioque
1417 445 1689 478 versamur.

119 510 219 558 Sed
269 508 506 570 βοώπιδος
557 518 760 557 nostrae
805 510 1217 572 consanguineus
1267 528 1369 559 non
1421 514 1690 561 mediocris

115 602 332 640 terrores
362 592 480 640 iacit
509 601 660 654 atque
688 593 969 652 denuntiat,
999 602 1049 640 et
1083 595 1489 656 Sampsiceramo
1522 606 1687 659 negat,

114 677 296 724 ceteris
337 693 456 738 prae
493 694 546 724 se
586 677 683 724 fert
724 685 773 724 et
818 685 1056 725 ostentat.
1134 679 1300 737 Quam
1337 679 1403 726 ob
1441 681 1690 727 rem—si

114 777 191 807 me
224 777 364 807 amas
401 769 597 808 tantum
626 769 871 826 quantum
903 762 1135 823 profecto
1171 762 1455 809 amas—si
1482 764 1688 822 dormis,

112 846 492 907 expergiscere3
534 845 576 891 si
612 853 730 903 stas,
767 845 1060 907 ingredere3
1103 845 1144 892 si
1184 844 1477 907 ingrederis,
1515 862 1686 906 curre;

111 928 152 974 si
188 928 359 987 curris,
400 928 595 975 advola.
674 929 932 975 Credibile
972 945 1073 975 non
1109 936 1188 975 est
1226 937 1472 990 quantum
1504 946 1599 991 ego
1638 930 1689 976 in

109 1012 337 1058 consiliis
389 1020 438 1059 et
489 1012 758 1073 prudentia
814 1020 914 1070 tua,
968 1012 1209 1073 quodque
1265 1011 1537 1059 maximum
1593 1021 1685 1072 est,

110 1103 354 1156 quantum
396 1095 445 1141 in
486 1112 656 1143 amore
695 1104 745 1142 et
782 1096 882 1142 fide
922 1108 1125 1158 ponam.

181 1179 484 1241 Magnitudo
511 1179 582 1226 rei
611 1180 816 1241 longam
846 1179 1129 1226 orationem
1165 1179 1383 1226 fortasse
1411 1180 1684 1238 desiderat,

108 1263 401 1310 coniunctio
446 1279 565 1310 vero
611 1271 900 1310 nostrorum
946 1263 1228 1310 animorum
1278 1263 1527 1310 brevitate
1571 1280 1686 1311 con-

108 1354 248 1393 tenta
293 1354 383 1394 est.
469 1346 737 1408 Permagni
789 1354 963 1393 nostra
1007 1346 1220 1393 interest
1269 1354 1334 1404 te,
1382 1346 1423 1393 si
1468 1347 1686 1394 comitiis

108 1446 210 1476 non
245 1430 487 1491 potueris,
521 1438 571 1477 at
603 1430 860 1477 declarato
899 1430 982 1476 illo
1022 1446 1135 1476 esse
1178 1432 1386 1477 Romae.
1465 1431 1601 1477 Cura
1633 1439 1687 1478 ut

106 1514 290 1560 valeas.

651 1664 750 1707 39.
814 1665 926 1715 (Att.
961 1667 1042 1705 111.
1072 1665 1134 1716 3.)

334 1792 403 1842 (ln
424 1791 587 1836 itinere,
612 1804 755 1829 mense
781 1791 929 1841 Aprili,
954 1801 1089 1829 A.U.C.
1113 1790 1204 1842 696.
1269 1802 1350 1829 B.C.
1376 1792 1457 1844 58.)

527 1916 773 1957 CICERO
823 1916 1074 1957 ATTICO
1123 1916 1258 1958 SAL.

175 2038 386 2084 Utinam
426 2038 564 2083 illum
602 2037 735 2084 diem
768 2037 968 2085 videam
1008 2054 1122 2085 cum
1162 2038 1255 2085 tibi
1294 2055 1439 2100 agam
1471 2039 1678 2101 gratias,

105 2121 243 2182 quod
281 2137 359 2167 me
406 2122 572 2168 vivere
610 2121 854 2184 coegisti!
932 2122 1117 2168 Adhuc
1156 2122 1363 2182 quidem
1408 2123 1557 2170 valde
1603 2139 1680 2170 me

103 2204 343 2266 paenitet.
423 2205 523 2252 Sed
551 2212 600 2252 te
628 2221 715 2252 oro
743 2212 797 2251 ut
825 2205 889 2252 ad
912 2221 990 2252 me
1018 2205 1275 2252 Vibonem
1297 2205 1469 2252 statim
1490 2207 1680 2264 venias,

104 2304 205 2350 quo
232 2304 327 2350 ego
354 2289 525 2335 multis
553 2289 616 2335 de
644 2288 814 2335 causis
850 2289 1079 2336 converti
1112 2288 1206 2336 iter
1232 2305 1413 2336 meum.
1493 2290 1594 2337 Sed
1620 2306 1681 2337 eo

104 2371 145 2417 si
172 2371 386 2430 veneris,
411 2373 475 2419 de
495 2380 602 2419 toto
632 2372 809 2419 itinere
837 2388 895 2419 ac
922 2373 1043 2433 fuga
1069 2388 1180 2420 mea
1208 2373 1476 2419 consilium
1498 2389 1679 2435 capere

103 2463 295 2516 potero.
374 2455 425 2502 Si
465 2456 515 2502 id
555 2472 656 2502 non
696 2455 894 2514 feceris,
936 2455 1188 2514 mirabor3
1244 2456 1335 2503 sed
1380 2457 1584 2504 confido
1630 2465 1680 2504 te

103 2554 217 2585 esse
254 2539 522 2585 facturum.

1722 1116 1771 1141 10

1719 1526 1765 1568 Ι5

1713 2394 1765 2422 20
